3746 5910
528 1 906 30 ,ΓὝῘἾἾὟῊΠὟΗ...Ι.,,.,,
977 1 1030 12 ..,-
1061 1 1094 4 ..
1142 1 1164 6 ,.
1215 1 1254 29 ,Ὗ
1318 1 1329 4 ..
1375 1 1395 22 r'*
1426 1 1430 6 .
1464 1 1508 19 .,.
1559 1 1562 3 ,
1648 1 1677 4 ..
1745 7 1781 30 Ἰ.

529 40 535 58 e
587 38 617 85 υ,
756 59 758 67 Ι
809 28 813 37 ’
849 55 854 66 ,
1131 30 1158 48 ''
1255 32 1277 58 ¹.
1368 30 1395 44 Ἰ
1583 40 1607 72 ίΙ
1760 59 1763 66 ,

7 9 517 300 Ρ
673 135 676 146 ,
954 105 956 114 r

417 169 425 180 α

540 448 576 506 m
599 447 724 506 CAPUT
744 448 784 506 lx
808 447 1035 508 numerario.
1472 522 1474 529 Ι
1530 452 1587 511 l8'i

43 587 131 638 conii.
148 585 241 632 lemma
251 597 257 626 :
267 581 304 628 ἐπὶ
312 581 417 642 σφραγῖδι
428 580 516 642 ὲχωίση
526 581 619 642 Ἔρωτα
632 581 771 640 ἡνιοχοῦντα
815 578 959 630 insolentem
968 581 1022 629 Jac.
1034 579 1098 629 tueri
1109 583 1219 630 conatur.
1230 580 1389 632 Desideralnr
1397 581 1489 646 aliquid
1498 583 1530 632 ad
1540 583 1598 644 ἂκρα

19 661 151 711 λέοντα-3
165 658 194 709 ὡς
205 670 234 702 τα
247 652 309 708 (sine
317 653 379 711 ace.)
393 652 434 712 pir
443 653 468 702 et
480 667 496 698 α
508 649 568 708 (sine
577 651 674 704 acciit
686 667 711 712 χ.
725 651 770 698 co·
817 661 843 698 v.
862 655 872 699 i
893 651 1060 712 referendum,
1078 651 1144 714 qnod
1164 651 1261 716 pendet.
1279 653 1358 702 Etiam
1379 655 1508 715 περικνίδια
1528 653 1598 719 μίκτο

18 733 67 787 θοις
77 728 98 782 ὃς
115 729 142 788 τᾷ
160 726 185 773 et
204 721 301 785 lpPlan.
312 723 366 769 -t
383 718 527 768 πολλᾱθοτί.
542 745 574 757 ·-
585 725 600 768 ο
610 719 688 780 ὀλίγον
702 718 770 768 Plan.
816 720 933 778 obscura3
947 726 972 772 et
987 739 994 771 r
1007 721 1032 772 in
1044 723 1110 780 κνίδη
1129 723 1281 786 producitur.
1296 723 1398 774 Heinius
1416 744 1422 772 ι
1442 745 1453 768 κ
1470 725 1599 786 eremitica
1666 779 1668 788 ,

19 797 147 851 recentiores.
157 793 269 856 Ἧμερίων
280 791 372 840 disisse
380 789 479 841 ridetur
490 804 539 840 nou
552 789 605 840 sine
618 792 731 854 respectu
740 787 772 840 ud
816 790 877 853 quid
888 790 934 840 sibi
946 791 1035 854 velint,
1045 791 1128 842 nescio
1144 807 1201 842 curn
1220 793 1369 844 Sclrneidero
1382 794 1405 843 in
1418 797 1476 843 Lex.
1488 797 1600 845 Fortasse

18 873 92 933 epipam
111 864 242 929 oppositum
262 863 335 926 ἀγρίῳ
356 860 382 911 iu
399 860 469 912 initio
488 859 611 912 uersiculi.
627 879 639 903 ιι
663 861 732 922 ίμεε,
747 858 772 908 in
815 859 910 907 κλαθίαν
923 857 1052 908 dicebatur
1064 861 1093 906 nt
1106 858 1245 918 κλαόίακος,
1255 860 1403 911 utscribere
1415 862 1494 924 possis
1508 865 1599 924 νομέων

17 957 77 1008 quarn
89 939 132 987 hoc
147 948 241 986 carmen
263 934 370 992 iactum,
385 945 481 997 gemma
502 932 641 982 etiamnunc
656 932 734 980 exstat
747 929 771 978 in
816 931 882 994 ρικτα
901 933 951 991 περὶ
976 931 1068 978 aratia.
1089 950 1101 971 ν
1122 933 1152 979 Et
1171 943 1276 980 carerem
1299 934 1406 982 Grotius.
1419 965 1447 974 -
1462 938 1476 983 3
1489 937 1599 994 parom:

18 1011 96 1066 cimelio
106 1007 223 1059 celsissimi
241 1004 451 1056 aurelianensium
465 1003 544 1054 ducis.
558 1005 654 1066 'ippum
668 1013 772 1066 gemmae
818 1002 895 1062 Plane
908 1004 1051 1067 ἀσταφειτιόι
1063 1003 1124 1058 tsine
1135 1005 1197 1064 acc.)
1207 1009 1303 1066 καρῶγα
1314 1003 1409 1066 (primis
1419 1003 1496 1053 literis
1504 1002 1601 1052 duabus

17 1085 93 1139 halen,
103 1079 168 1130 docto
176 1076 348 1128 commentario
359 1075 508 1126 illustratum
521 1075 568 1126 riri
581 1073 667 1136 optimi
681 1073 729 1136 (M.
741 1071 772 1121 de
817 1076 958 1123 trarrsrcrso
972 1073 1049 1125 ductu
1063 1073 1160 1134 deletis)
1170 1073 1267 1134 codex3
1277 1077 1436 1137 ἁσταφιθίτιλα
1448 1078 1507 1137 ῥᾶγα
1522 1075 1599 1130 Plan,

18 1153 174 1215 Fomemagnci.
194 1170 205 1191 υ
230 1147 343 1198 Brunelr.
366 1145 433 1196 Nilril
453 1144 494 1195 hic
514 1145 633 1208 seriptum
649 1156 666 1200 a
682 1142 771 1200 Butes..
794 1130 797 1227 i
818 1147 883 1206 ῥῶγα
894 1145 991 1197 reduxit
1005 1145 1082 1196 Boiss.
1092 1153 1147 1196 -u
1159 1147 1314 1206 μελισσοσνίας
1326 1146 1380 1208 (sie)
1391 1145 1451 1195 cod.
1463 1149 1513 1194 Pan
1523 1147 1601 1195 alrea-

18 1230 41 1276 ut
50 1225 82 1272 rel
94 1219 187 1286 ignorari
200 1219 237 1268 rel
251 1218 324 1281 vulgo
335 1217 392 1268 sciri
403 1217 516 1266 rideatur
528 1215 570 1266 ubi
583 1228 649 1264 nnnc
661 1217 773 1264 serretur
795 1232 797 1295 p
817 1215 881 1265 rium
893 1219 918 1266 ct
930 1216 1014 1282 apium
1030 1219 1123 1266 custos.
1132 1243 1163 1254 -
1173 1221 1196 1265 7.
1209 1218 1272 1266 Nota
1293 1216 1414 1267 inversam
1433 1217 1576 1275 orationem,
1589 1219 1602 1265 ὁ

17 1297 49 1346 ina
59 1305 149 1358 gerrrma.
795 1302 797 1350 ;
817 1287 842 1336 δέ
857 1286 887 1336 ad
905 1287 1044 1349 subjectum
1056 1287 1174 1348 relatum,
1188 1301 1232 1351 pro
1243 1288 1338 1352 vulgari
1347 1293 1375 1336 τὸ
1389 1287 1467 1347 &mdc
1480 1301 1521 1347 re,
1536 1288 1602 1350 quod

818 1359 964 1422 respondeat
978 1358 1126 1424 precedenti
1138 1357 1227 1421 τὸμὲν.
1243 1359 1282 1408 Sic
1294 1372 1333 1424 ep.
1345 1363 1400 1419 300,
1411 1365 1434 1419 3,
1445 1362 1457 1407 ο
1468 1360 1510 1419 μὲν
1560 1365 1602 1408 τοῦ

43 1433 146 1482 ccxxii.
163 1432 259 1478 Lemma
275 1443 281 1478 τ
297 1430 329 1484 είς
348 1429 440 1492 δελφίνα
460 1428 514 1490 (eie)
534 1428 685 1492 βαστάσαντα
703 1427 773 1487 ἄνδρα
795 1464 796 1489 ,
818 1429 842 1477 ie
852 1429 883 1478 de
895 1427 980 1478 ecdem
994 1428 1146 1479 taurodicts.
1161 1431 1212 1478 Non
1224 1441 1280 1478 rara
1291 1430 1398 1491 syntaxis
1409 1442 1448 1492 ap.
1458 1431 1601 1477 Homerum.

17 1507 98 1564 νσνηγὸν
110 1503 146 1551 καί
158 1501 307 1552 διασώσαντα
322 1501 394 1550 αὐτὸν
410 1503 453 1557 inre
465 1507 506 1558 τῆς
526 1502 621 1562 χέρσου.
638 1495 774 1560 Delphinus
795 1495 797 1515 ¹
818 1525 849 1537 -
864 1503 877 1548 θ
891 1502 952 1549 λίπει
965 1499 1030 1549 cori.
1043 1502 1105 1550 itale
1118 1500 1220 1550 Bollrius
1234 1502 1369 1562 καρπώσας.

17 1579 112 1641 loquitur.
122 1601 150 1610 —
159 1579 178 1622 1.
189 1575 246 1623 Post
260 1575 302 1634 θήφ
315 1571 414 1622 distinxi
428 1585 484 1622 cum
498 1569 611 1620 Jacobsio
622 1568 675 1618 Del.
686 1571 772 1632 pius,

17 1647 70 1712 qun
86 1647 131 1733 jari
150 1643 215 1726 enm!
226 1641 348 1721 ¹¹¹⁰¹¹¹i¹¹¹¹¹
362 1641 502 1722 natarent
519 1639 545 1688 θ’
566 1639 618 1690 ¹²⁸¹·
628 1665 660 1676 ··
671 1644 685 1687 ²
695 1638 774 1698 rorte
849 1669 989 1718 ccxxvii.
1008 1673 1108 1718 remma
1121 1684 1127 1718 :
1141 1671 1173 1726 τις
1190 1670 1257 1719 επεν
1270 1670 1416 1732 aeteram
1430 1669 1549 1718 οκιεωω
1562 1673 1602 1718 κεν

17 1718 65 1800 ⁰⁰⁶1
80 1737 90 1756 ⁸
114 1719 189 1777 riiw’
208 1726 234 1761 ¹¹¹
248 1711 322 1794 [indm
333 1713 496 1794 ‘isunctumi
508 1713 537 1761 ut
553 1712 612 1798 ω’,
624 1722 664 1794 ep.
675 1711 752 1795 mhi
767 1727 773 1756 ²
818 1739 857 1788 διὰ
871 1745 912 1787 τοῦ
924 1740 1054 1796 ὀκτάποδος
1065 1740 1167 1801 λαγωόν.
1180 1739 1309 1803 Adscripiu
1320 1739 1380 1802 sigis
1392 1741 1461 1797 ζήτει.
1472 1745 1604 1804 Argrrmen-

16 1791 71 1852 ‘tid
81 1788 148 1848 ura,
161 1784 237 1866 ΜΨ
251 1796 279 1832 '²¹
290 1781 383 1846 “l“”i
393 1783 436 1842 Vi
448 1785 542 1865 9⁹:⁴³2
558 1787 567 1830 ¹
584 1797 672 1844 :mo
685 1793 773 1862 πίονι
817 1810 871 1857 τινα
878 1809 928 1872 jam
938 1807 1334 1874 ωμινκωωνιωνκοκκομννο,
1346 1821 1385 1872 ep.
1401 1813 1437 1858 rr.
1450 1812 1512 1859 -ι,
1523 1811 1603 1872 ’τινα

16 1859 41 1908 di
52 1871 112 1941 ΓΜ,
119 1861 169 1942 “ζ,3
180 1857 284 1941 ,ipim
296 1853 356 1904 ⁰⁰¹¹·
370 1857 396 1904 et
408 1857 588 1942 apnfimwmae,
599 1852 667 1902 Plan·
681 1850 775 1934 Deinde
818 1881 913 1940 θεσμὸν,
922 1879 1005 1944 polypi
1016 1892 1090 1942 quem
1100 1883 1198 1943 ceperat
1206 1880 1293 1930 cirros.
1301 1887 1353 1930 -c
1363 1882 1438 1928 πτωκὶ
1449 1883 1604 1944 παχυσχοίνω

17 1943 117 2008 ⁰¹¹i¹¹²⁵³⁰
130 1943 151 1975 α
162 1943 239 2007 πίων·
255 1926 395 1977 Sehaesem
406 1944 428 1974 τ*
444 1927 468 1976 ⁶²
480 1927 531 1988 ἀἱ
546 1924 607 1988 ‘1⁰¹⁶
618 1937 647 1975 ⁰¹
659 1923 707 1973 ¹¹⁰⁰
722 1937 773 1987 9¹⁴³‘
796 1943 797 1955 ¹
819 1949 891 2009 cod,
906 1949 973 2012 quod
988 1949 1020 2000 ad
1037 1950 1145 2014 leporem
1157 1949 1243 2000 reterri
1262 1963 1312 1999 non
1333 1952 1423 2014 potest.
1439 1949 1543 1999 lirunclr.
1559 1963 1603 2000 an-

17 1995 416 2082 Qissmffimlwammm?
431 1994 697 2084 ”Ab'1³‘³,i,³¹f⁰bfft¹¹m
711 2007 775 2043 Μ’
796 2004 798 2025 ¹
821 2018 906 2070 ducier
925 2022 1002 2070 πτωκὶ
1024 2020 1177 2082 δασυκντίμῳ.
1196 2019 1293 2070 Jacobs.
1309 2020 1467 2085 βαθυσχοίνῳ.
1481 2018 1605 2070 Eidicisius

17 2072 43 2132 λθ
52 2070 118 2117 130155·
130 2069 155 2116 ¹¹¹
166 2066 212 2116 ΕΜ
222 2080 312 2118 *mm
321 2067 383 2117 θοὰ·
394 2085 416 2126 tt
427 2075 478 2130 tir.
487 2081 529 2130 ‘1¹¹¹
544 2071 613 2116 ”²¹⁰⁰
624 2084 664 2122 ⁶²⁴·
820 2095 888 2153 μυχῷ
901 2091 1010 2153 σχοίνων.
1025 2089 1197 2139 Boissonadius
1206 2088 1239 2138 ad
1248 2089 1390 2140 chramnum
1400 2090 1521 2152 Epistit,
1530 2104 1554 2154 p.
1565 2095 1603 2151 85,

42 2207 155 2255 ccxiiii.
174 2208 294 2254 Lemma:
308 2209 340 2262 εἰς
351 2207 418 2255 ἀετὸν
427 2208 559 2264 τοξευθέντα
574 2207 620 2255 ὑπὸ
634 2207 721 2268 Κρητὸς
735 2207 775 2253 καί
797 2222 798 2235 ¹

16 2277 179 2331 τάντοίειίσαντα
191 2275 229 2325 διά
246 2281 290 2324 τοῦ
303 2277 375 2324 αὐτοῦ
391 2278 470 2337 βέλους
483 2277 612 2325 κτείναντα.
627 2277 775 2338 Expressurn

17 2343 94 2394 ridetur
100 2357 127 2394 es
134 2344 285 2408 Apollonides
293 2346 466 2410 epigrammate
476 2345 540 2395 inira
550 2359 576 2396 u.
587 2351 641 2396 265.
651 2371 681 2382 -
691 2352 714 2396 2.
725 2346 775 2393 Ἐν-

17 2415 112 2477 αγίντος,
121 2415 186 2465 loris
198 2415 265 2465 enim
278 2419 375 2480 sceptro
391 2415 500 2466 insidens
513 2415 619 2480 fingitur.
628 2421 687 2468 -3,
700 2435 712 2459 τ
724 2417 775 2466 Oris

17 2484 146 2544 itit-Sdiol.
157 2487 196 2534 W.
211 2487 258 2535 :ori
278 2487 430 2550 προέφθασεν,
441 2487 491 2535 ἀντὶ
504 2492 546 2536 τοῦ
560 2487 602 2535 οὐκ
617 2487 706 2548 ἔφυγεν.
719 2505 731 2529 ν
741 2489 771 2536 B.

20 2551 156 2616 Ἕτπιίνατο,
174 2555 226 2606 scil.
251 2558 265 2605 ὁ
287 2559 363 2620 Κρής,
375 2571 423 2606 non
441 2569 496 2606 rara
515 2555 628 2607 libertate
648 2560 775 2620 poetarum

17 2621 94 2673 lndeab
102 2627 211 2675 Homero.
221 2653 254 2663 -
265 2633 281 2676 5
291 2629 369 2677 ἔλαθεν
383 2628 452 2692 νόμος
473 2627 550 2686 Plan,
561 2627 636 2686 malm
651 2640 696 2678 nec
708 2628 775 2688 φόνος

17 2693 64 2743 λινε
74 2695 207 2756 conjiciebat
227 2697 351 2755 Graiium
366 2697 391 2746 in
403 2697 470 2758 μόνος
483 2697 536 2746 laus
550 2699 589 2747 est
602 2697 687 2758 Δίκης,
698 2711 773 2760 quam

18 2765 92 2814 nulum
103 2767 196 2817 omuino
210 2767 307 2818 lacinus
322 2768 414 2818 malurn
432 2768 503 2818 latet.
521 2799 547 2810 -
558 2773 581 2818 u.
593 2787 604 2812 ν
638 2769 674 2818 'i'c'r
698 2771 777 2818 εὐστο-

17 2835 57 2898 χίτς
65 2837 125 2898 βελη,
137 2837 205 2900 quasi
216 2837 295 2888 missa
304 2837 336 2890 ab
346 2840 472 2901 εὐστοχίᾳ,
483 2841 600 2902 εὔστοχα,
611 2838 674 2890 redit
688 2839 720 2891 td
735 2844 777 2900 τήν

17 2906 117 2970 sinopis-r
127 2915 171 2957 τῶν
181 2911 265 2971 βελῶν.
277 2935 308 2945 --
318 2914 340 2959 7.
353 2911 493 2974 Ἐκοίμισεν
505 2913 591 2973 sopiri
602 2909 691 2961 dicitur·
700 2909 777 2961 telum

18 2975 204 3042 inermemque
223 2978 257 3029 ab
272 2980 367 3044 impetu
381 2982 470 3030 cessat.
483 3005 513 3016 ·-
527 2983 549 3030 8.
563 2985 657 3030 Διασῶν
675 2982 778 3030 θανάτων

18 3049 85 3100 dirim
97 3050 184 3101 dictum
199 3051 232 3102 de
245 3052 336 3116 sagitta
349 3065 406 3116 quar
420 3052 493 3102 simul
509 3051 572 3102 duos
584 3051 713 3110 interiecit.
729 3053 779 3101 θά-

18 3137 68 3169 νπα
79 3121 238 3184 accipiendum
252 3121 287 3174 de
301 3123 447 3187 romanens
460 3122 544 3185 caesis,
556 3123 606 3173 sere
621 3126 650 3172 ut
666 3123 727 3174 inira
738 3137 776 3188 ep.

19 3195 61 3250 itt,
71 3199 90 3242 3.
103 3215 113 3236 r
126 3197 175 3244 icc.

43 3339 151 3388 scutit.
177 3342 280 3388 Letum
299 3339 357 3388 :ini
377 3343 405 3399 τῇ
420 3339 469 3398 αἰγὶ
487 3337 513 3397 ἧς
528 3339 541 3386 θ
559 3339 652 3402 Καίσαρ
670 3339 698 3387 τὸ
718 3339 780 3396 γάλα

19 3405 81 3464 iniit»
91 3411 127 3458 καί
137 3411 211 3458 πλέων
223 3410 347 3472 σύμπλουν
359 3409 445 3464 ταύτην
460 3409 573 3468 ἐκόμιζεν.
594 3410 638 3457 Est
656 3411 780 3472 Augustus

19 3477 137 3541 Imperator,
147 3482 218 3544 cujus
231 3480 257 3530 in
271 3479 391 3529 comitatu
405 3479 480 3528 inisse
490 3479 646 3542 crinagoram
657 3491 680 3528 a.
693 3481 722 3528 U.
734 3482 778 3529 72.7

22 3547 102 3596 Galliam
115 3555 139 3599 et
151 3550 296 3614 Hispaniam
319 3548 420 3600 riserrlis
434 3547 574 3612 suspicatur
587 3547 695 3598 Geistius
710 3560 735 3612 γ).
754 3552 779 3597 ·'r.

21 3619 82 3680 capra
93 3619 202 3682 loquitur.
214 3627 271 3672 -3
283 3619 352 3670 ἔπειτ’
365 3619 443 3676 Plan.·,
454 3620 503 3668 ἐπεὶ
516 3619 563 3680 epp.
583 3618 697 3678 Braneus
711 3618 779 3682 ἐφρά-

21 3706 66 3738 σατο
76 3690 131 3740 Cod.
146 3695 203 3742 -t
224 3695 314 3754 καίσαρ
333 3689 395 3739 eod.
416 3689 520 3752 ubiqne;
541 3689 662 3751 σθμπλοον
678 3689 780 3751 ἠγάγετο

21 3760 74 3808 Plan.
85 3789 113 3797 -
126 3767 148 3812 5.
164 3783 175 3806 ι
189 3762 310 3825 Ἐπέσχον
321 3763 401 3824 μαζὸν,
414 3761 535 3812 homerice
549 3761 657 3818 dictum,
668 3760 718 3810 rid.
729 3764 779 3811 not.

21 3830 164 3883 adPlrdostr.
181 3837 240 3884 Her.
265 3848 290 3898 p.
308 3837 367 3890 θθλς
388 3832 501 3882 Schneid.
520 3833 551 3882 ad
571 3834 634 3882 Plut.
650 3835 686 3882 De
709 3831 780 3882 educ.

22 3913 40 3963 p.
52 3907 81 3950 il.
95 3904 212 3968 Aristoph.
228 3905 297 3954 Ναί).
311 3908 370 3953 ίθθθ
388 3925 394 3953 ;
412 3911 473 3953 πιεῖν
487 3905 597 3965 ἐπέσχον·
614 3903 656 3954 nbi
676 3901 753 3954 sciret.
768 3925 780 3947 ν
795 3929 799 3940 ·

22 3971 44 4016 θ.
63 3973 91 4022 lie
112 3976 192 4024 αὐτίκα
215 3973 267 4024 rid.
285 3974 388 4024 Heinelr.
408 3976 432 4023 in
455 3973 579 4024 addendis
592 3974 623 4024 ad
637 3977 668 4034 V,
683 3987 721 4038 ep.
742 3981 780 4034 κθ,

21 4055 39 4102 Ρ.
48 4049 92 4092 tol.

44 4185 269 4238 consummare:
281 4191 313 4243 εἰς
322 4189 441 4237 Ἀσωπίδα
449 4190 491 4245 τὴν
498 4189 583 4252 κρήνην
596 4191 636 4236 καὶ
649 4189 782 4248 limacea.

821 2161 910 2210 πτωκί·
927 2166 998 2224 παχεῖ
1020 2160 1109 2221 σχοίνῳ
1126 2161 1173 2208 eiu.
1193 2158 1238 2216 (uu
1258 2158 1309 2218 jam
1325 2159 1440 2209 Peuwius
1449 2198 1456 2220 ,
1471 2160 1514 2210 scd
1528 2163 1604 2209 πταναὶ

819 2235 910 2296 παχεῖ).
931 2231 1021 2295 Recepi
1043 2230 1218 2280 correctionem
1242 2229 1327 2280 Graeiii
1345 2231 1420 2294 epist.
1442 2231 1496 2284 crit.
1511 2245 1535 2294 p.
1552 2237 1604 2286 115.

820 2302 890 2352 valde
906 2301 1032 2367 probatam
1048 2301 1200 2361 alacolrsio,
1215 2301 1261 2364 qui
1279 2301 1311 2351 de
1330 2313 1357 2350 re
1378 2320 1385 2349 ι
1408 2321 1419 2343 ο
1442 2301 1606 2352 Schneiderus

820 2373 914 2436 lepores
928 2372 952 2421 in
965 2372 1048 2435 juncis
1064 2370 1140 2422 latere
1157 2375 1238 2436 negat.
1255 2375 1287 2422 Αι
1309 2371 1370 2434 quid
1389 2375 1456 2422 vetat
1475 2373 1606 2435 quominus

820 2444 860 2494 ille
869 2457 883 2492 e
893 2442 971 2494 solitis
980 2443 1198 2506 lustrisexcitetus
1208 2443 1242 2492 ibi
1255 2442 1394 2507 perfugium
1405 2442 1547 2510 quaesiverit
1555 2457 1606 2507 pne

819 2514 963 2580 lassitudine
978 2526 1064 2564 somno
1077 2516 1227 2577 oppressus?
1240 2535 1251 2557 ν
1261 2541 1290 2550 -
1302 2517 1315 2564 7
1328 2513 1393 2563 τόνδε
1403 2513 1476 2574 cod,
1487 2515 1522 2564 ἐπ’
1535 2515 1606 2578 οίγμην

820 2584 944 2644 Heisliius,
953 2583 996 2634 sed
1004 2583 1103 2634 dativus
1113 2583 1297 2646 requirebatur,
1305 2584 1397 2634 rectius
1408 2585 1448 2634 ὑπ’
1455 2585 1525 2648 dieue
1535 2585 1607 2647 iutu-

820 2656 869 2714 θίης
879 2655 977 2719 conjicit
988 2658 1039 2704 lac.

852 2824 1006 2872 ccxvai.
1024 2824 1124 2872 Lemma
1136 2843 1141 2871 ι
1153 2823 1185 2877 εἰς
1197 2819 1319 2869 Μελίτειαν
1327 2836 1379 2868 τινα
1389 2825 1490 2881 γυναῖκα
1500 2821 1540 2869 τὸν
1549 2822 1607 2870 iduor

820 2898 871 2945 υίὸν
891 2895 1030 2946 ἀκούσασαν
1046 2899 1194 2954 ναυαγῆσαι,
1210 2893 1249 2940 καὶ
1267 2893 1331 2948 ξενον
1348 2891 1408 2946 τινὸς
1427 2894 1458 2948 ὡς
1474 2891 1501 2940 τά
1520 2892 1608 2946 ἐκείνου

822 2971 893 3026 σῶμα
907 2965 1024 3026 θάψασαν·
1036 2963 1087 3012 εἶτα
1098 2962 1211 3018 ἐπανῆλθε
1221 2962 1261 3008 καὶ
1272 2961 1344 3015 άνίὸς
1354 2960 1433 3018 αὐτῆς.
1442 2986 1472 2994 -
1485 2965 1493 3009 i
1506 2961 1609 3022 μελίτινα

823 3035 900 3092 Piens,
912 3034 1034 3082 Μελίτιννα
1045 3031 1186 3082 Brunckius.
1195 3037 1245 3081 -5
1256 3032 1276 3079 ὀ·
1287 3032 1377 3088 deinc.
1386 3030 1470 3081 inlici.
1480 3045 1504 3095 p.
1515 3035 1569 3082 288.
1578 3061 1608 3068 -

823 3107 870 3154 cer
879 3107 947 3166 γαίης
960 3103 1022 3154 cod.
1030 3101 1176 3154 etdnoilbri
1187 3101 1254 3151 Plan.
1268 3102 1429 3164 apuruncis,
1439 3102 1461 3157 ἐς
1472 3103 1540 3164 γαίην
1549 3101 1605 3154 edd.

824 3177 901 3235 Plan,
913 3175 981 3238 quod
1004 3188 1061 3224 cum
1081 3172 1203 3223 Brunclrio
1219 3171 1288 3223 dedit
1302 3172 1389 3232 Boiss.;
1405 3172 1473 3222 tenui
1489 3174 1608 3238 egregnm

823 3250 861 3308 et,
878 3250 906 3297 ut
920 3245 981 3296 mihi
994 3246 1102 3306 ridetur,
1115 3243 1278 3294 certissimam
1293 3244 1486 3295 emendationem
1503 3245 1609 3296 lacobsii

823 3318 938 3376 εὐκταίητ.
949 3338 960 3361 ο
972 3318 1061 3368 Salvus
1070 3314 1157 3376 rediit,
1166 3313 1241 3365 rebus
1249 3327 1280 3364 ex
1289 3314 1362 3364 animi
1373 3316 1495 3366 sententia
1509 3316 1610 3368 feliciter

823 3387 986 3440 transactis.»
1001 3415 1031 3424 -
1047 3393 1074 3438 a.
1088 3388 1172 3447 Κείνη,
1187 3384 1244 3446 iila,
1256 3383 1328 3446 cujus
1345 3383 1422 3434 irlium
1438 3385 1536 3436 Meliten
1555 3391 1609 3436 inn-

824 3473 898 3522 quam
910 3471 984 3510 snum
995 3457 1149 3519 humaverat.

856 3617 981 3665 ccxliiii.
999 3617 1099 3666 Lemma
1115 3629 1121 3660 :
1136 3613 1168 3667 εἰς
1181 3611 1280 3670 λάγυνον
1300 3609 1401 3674 οὶνηράν.
1424 3616 1451 3660 in
1470 3611 1536 3660 Plan.
1555 3630 1561 3659 :
1580 3613 1610 3668 εἰς

825 3688 932 3746 κοτύλην.
955 3685 1083 3736 Perditam.
1092 3683 1176 3744 aliquo
1189 3694 1248 3731 casu
1263 3683 1289 3730 et
1303 3693 1391 3731 rursus
1408 3685 1527 3746 repertam
1541 3687 1612 3746 pocla

826 3759 900 3808 laetus
912 3756 1011 3807 salutat.
1020 3782 1051 3796 .-
1063 3761 1084 3804 1.
1102 3773 1113 3795 ιι
1131 3752 1271 3812 ίίαπηλικά,
1282 3765 1338 3801 uam
1351 3753 1423 3814 poeta
1437 3752 1566 3817 pauperior
1576 3753 1612 3803 vi·
1705 3765 1712 3778 ·

827 3843 884 3878 rrum
896 3841 945 3877 non
954 3840 986 3877 ex
998 3826 1072 3884 cella,
1084 3822 1128 3874 sed
1142 3835 1172 3872 ex
1185 3834 1296 3885 caupona
1311 3821 1379 3883 petit.
1389 3827 1440 3870 -κ
1450 3823 1613 3885 perpacem-,rt

828 3901 894 3950 l'ian.
914 3900 1003 3962 prccter
1022 3896 1081 3946 edit.
1103 3893 1180 3958 princ.
1200 3897 1225 3943 et
1246 3891 1355 3941 Aldinas.
1374 3893 1492 3953 Εῡλαλος,
1504 3905 1566 3951 uon,
1585 3897 1613 3943 ut

826 3970 960 4028 lirodaens,
976 3981 1031 4030 quer
1048 3965 1201 4029 loquaciores
1219 3961 1300 4012 reddit
1319 3962 1448 4022 convivas,
1461 3963 1504 4016 sed
1523 3976 1611 4013 sonan-

826 4047 892 4102 tem,
904 4041 999 4102 liquore
1013 4052 1041 4087 ex
1055 4038 1161 4100 angusto
1179 4037 1280 4098 gutture
1299 4038 1481 4097 prorumpente.
1494 4034 1534 4084 Sic
1554 4033 1612 4087 Plri-

827 4111 906 4175 lippus
928 4110 992 4159 inira
1016 4122 1055 4172 ep.
1078 4111 1131 4166 232,
1155 4111 1164 4154 l
1188 4120 1194 4154 ε
1214 4104 1299 4160 κύτους
1319 4104 1400 4167 λαιμὸς
1423 4105 1554 4168 μελίγηρυς.
1576 4105 1614 4155 Ad

827 4181 975 4232 suavitatem
982 4178 1058 4240 liuius
1071 4175 1124 4226 soni
1132 4177 1213 4225 rel'ero
1223 4174 1297 4224 etiam
1307 4175 1455 4235 πρηθγελως,
1466 4177 1495 4224 ut
1503 4175 1613 4236 κυμάτων

21 4256 88 4315 imis
99 4257 148 4307 sire
161 4259 249 4309 Pirene
271 4258 454 4318 Acrocorintlri,
467 4259 566 4324 Pegasis
578 4259 617 4308 vel
630 4258 782 4323 Hippocrene
827 4255 934 4314 γελασμα
951 4253 976 4301 et
990 4252 1062 4310 γέλως
1074 4261 1114 4310 ap.
1127 4246 1208 4295 AEsclr.
1223 4249 1302 4294 Prom.
1316 4251 1355 4327 uo,
1373 4245 1476 4326 (ippiun.
1496 4245 1550 4296 Hal.
1568 4249 1612 4308 lv,

22 4324 128 4388 lidimnis,
149 4334 256 4392 utemue
277 4329 331 4383 lons
350 4329 375 4379 in
389 4329 480 4381 sabulis
499 4333 613 4380 canatur
625 4330 783 4381 scaturivisse
827 4329 881 4374 334.
898 4323 944 4386 [De
964 4320 1056 4384 quibus
1074 4317 1264 4382 expositionibus
1285 4316 1393 4366 drrlrrian
1407 4317 1553 4380 lrcel.]-3
1569 4337 1612 4382 μυ-

20 4395 117 4460 conequi
126 4401 216 4468 ungule
226 4403 274 4450 aut
286 4399 390 4450 honrinis
403 4401 466 4463 pede
481 4414 604 4464 percusso.
618 4429 644 4437 -
661 4407 668 4450 l
681 4403 782 4462 πήγασι;
804 4428 806 4482 ,
827 4396 949 4456 στιλιίγυνε
958 4394 1024 4442 Plan.
1035 4394 1061 4441 et
1073 4403 1156 4454 apogr.
1168 4391 1223 4438 Par.
1236 4391 1289 4470 Hoc
1300 4387 1360 4438 dicit
1366 4409 1377 4470 ἰ
1390 4391 1542 4470 paupertatis
1552 4404 1613 4442 mee

22 4461 69 4511 Cod-
79 4475 137 4516 -2.
156 4473 288 4531 ΙΙαταμοῡ.
302 4491 313 4512 ι
333 4469 420 4532 Asopi,
432 4469 474 4532 qui
491 4469 594 4534 Sisyplro
607 4470 630 4518 in
645 4468 782 4520 mercedem
827 4466 924 4516 conscia
938 4463 1021 4524 testis,
1037 4475 1082 4512 nec
1096 4461 1148 4523 ipsa
1168 4461 1235 4524 larga
1254 4460 1303 4509 erni
1319 4473 1388 4523 eopia
1406 4463 1526 4513 instructa
1538 4481 1544 4511 :
1556 4461 1614 4512 hinc

21 4529 85 4582 unici
107 4536 135 4586 de
156 4542 230 4604 raptu
255 4539 347 4603 AEssinm
369 4541 425 4590 iiliac
448 4540 551 4590 Pirenen
572 4540 685 4590 elicuisse
706 4540 783 4590 ierim
828 4535 1103 4600 peperceramus-c.
1118 4527 1613 4594 Haecsicaccipiendazppo'ncepectit·

22 4603 114 4662 (Pansae.
129 4611 160 4668 H,
181 4619 205 4670 s)
225 4610 299 4676 pedis
321 4610 386 4669 ictu,
407 4612 457 4662 iere
474 4615 502 4662 nt
523 4624 561 4675 ap.
579 4610 680 4661 Tireocr.
701 4613 782 4671 VH,o
828 4608 891 4669 ὅμως
899 4607 973 4664 ἦλθες.
986 4605 1026 4654 Sic
1038 4603 1103 4653 enirn
1117 4603 1181 4665 ὅμως
1191 4601 1314 4652 interdurn
1331 4600 1489 4664 preponitur,
1500 4603 1614 4664 postponi

22 4673 107 4727 ihaleus
122 4679 210 4730 dieitur
225 4701 231 4730 :
245 4683 273 4730 ἐκ
287 4684 357 4739 ποδὸς
376 4683 431 4731 dms
450 4683 536 4744 κμαναν
555 4682 602 4742 εὖγ’
614 4683 783 4745 ἑνεμεισοίμενος
825 4676 928 4738 iubente
939 4671 1182 4724 sententia-said
1192 4673 1269 4734 ὄφελες
1281 4669 1335 4720 iibri
1347 4681 1450 4748 omnes,
1458 4681 1536 4748 quare
1545 4670 1604 4718 Plan

23 4749 235 4810 creatuturam
258 4753 302 4814 qui
316 4755 436 4816 Pegasum
450 4751 525 4802 etiam
539 4752 639 4802 Pirenes
659 4756 783 4800 auctorem
829 4747 852 4796 irr
866 4745 914 4794 inre
929 4757 1015 4793 versus
1029 4749 1143 4806 παρεῖναι.
1157 4741 1219 4791 God.
1232 4742 1343 4803 ᾶμυκτος.
1359 4737 1407 4788 Sed
1427 4741 1514 4788 vitrum
1534 4739 1613 4789 credi·

22 4811 118 4878 lacerent,
139 4823 167 4870 ut
188 4821 236 4870 Dic
260 4823 387 4885 Cirryeost.
405 4827 446 4872 or.
466 4827 572 4886 xxxvl,
596 4841 620 4890 p.
636 4833 666 4879 95
683 4828 784 4892 [smptus
828 4817 908 4867 derim
922 4828 977 4864 esse
993 4814 1019 4863 in
1033 4815 1121 4876 ὄφελες.
1138 4815 1251 4864 Fortasse
1269 4809 1452 4874 derisissent),
1469 4812 1571 4873 integra
1590 4811 1613 4858 et
1636 4862 1638 4868 ,

24 4883 82 4962 lirclr.
95 4891 134 4950 tv,
147 4897 185 4942 ee.
203 4921 231 4928 -
247 4897 271 4942 3.
289 4897 332 4949 re:
348 4897 430 4955 φλέὸας
445 4895 476 4943 de
490 4895 572 4945 dariis
587 4897 682 4959 primus
693 4899 783 4950 dixisse
829 4891 939 4938 intacta.
951 4890 987 4937 De
1001 4886 1082 4950 puella
1096 4887 1244 4950 usurpatum
1257 4885 1342 4940 ἀφελὴς
1359 4883 1506 4946 τίντρίίοενα
1521 4881 1613 4946 signiti-

25 4954 225 5012 cmrrrcrrrerrrur
237 4963 269 5012 n.
286 4967 351 5027 τιην.
368 4971 397 5013 rc
412 4964 539 5028 preater
555 4970 613 5016 rac.
624 4974 675 5017 -r
692 4972 780 5020 cnon.
829 4967 881 5020 cat.
892 4959 1009 5021 neruoque
1028 4959 1084 5007 mco
1100 4959 1256 5020 cenapum,
1270 4953 1301 5003 ao
1316 4952 1399 5002 vinum
1409 4952 1552 5004 translatum
1566 4965 1615 5002 non

25 5031 143 5077 consumtor,
829 5032 935 5082 multum
947 5029 1031 5080 diiiert
1045 5028 1076 5078 ab
1089 5030 1193 5090 ᾰμικτος.
1207 5026 1294 5090 [uoiss.
1309 5023 1402 5089 recepit
1413 5026 1504 5086 ἀφελὴς.
1519 5026 1572 5074 lac.
1590 5024 1614 5073 in

829 5103 883 5153 Del.
895 5116 919 5166 p.
936 5107 981 5151 232
996 5101 1073 5163 ὄφελες
1133 5099 1229 5160 παρείης
1247 5097 1299 5146 sine
1317 5096 1368 5146 ulla
1385 5095 1614 5159 animadversione]

48 5169 156 5218 dcxxvi.
173 5171 278 5218 Lemma
293 5191 299 5217 2
313 5173 344 5226 εἰς
354 5171 442 5233 cipite
454 5174 580 5234 μελισσῶν,
593 5177 625 5228 ὡς
637 5175 685 5222 ἀπὸ
696 5178 737 5222 τοῦ
748 5189 786 5235 μα-
806 5220 808 5235 ,
829 5176 935 5235 Ἀμικιος
949 5175 975 5222 et
986 5173 1139 5234 ἀνύμφευτος,
1152 5173 1181 5219 ut
1193 5168 1293 5232 virgini,
1305 5168 1341 5217 sic
1359 5167 1452 5230 lagenae
1464 5179 1559 5215 merum
1576 5166 1613 5214 νί-

56 5239 154 5296 ⁰⁰²⁶th-
165 5247 216 5288 -i
239 5241 260 5289 el
281 5240 301 5288 δ’
317 5242 380 5291 Plan.
389 5271 418 5283 -
433 5250 447 5291 ν
461 5247 476 5300 ἡ
489 5245 579 5304 θυμέων
593 5243 665 5304 Cede
678 5247 692 5302 ἢ
706 5246 784 5305 θύμων
829 5239 1435 5300 rrumcontinenteconveniantnlcc.-ofictores
1445 5234 1614 5297 God.,iterum

74 5343 88 5366 ν
101 5311 124 5358 ²1
138 5327 152 5358 ’ν
170 5311 318 5374 θοτῐίρίίυτς
333 5313 361 5370 ὴὲ
374 5314 452 5376 θύμων
471 5313 579 5374 Βεντολγ
592 5313 636 5364 sed
649 5314 783 5378 genitivum
805 5292 808 5345 i
829 5313 995 5379 permutatisrr
1007 5316 1061 5378 etp.
