3734 5920
249 439 309 501 356
808 431 1064 493 ANl'HOLOGlAE
1086 431 1292 492 PALATINAE

492 575 562 630 406.
587 566 795 627 ΝΙΚΑΡΧΟΥ.

244 712 299 770 Τοῦ
313 711 414 788 γρυποῦ
425 705 541 772 Νίκωνος
553 708 606 784 δρῶ
620 705 668 776 τὴν
684 708 758 784 ῥῖνα,
777 703 909 764 Μένιππε·

285 797 360 862 αὐτὸς
376 795 398 854 δ’
413 796 443 868 οὐ
458 792 562 874 μακρδιν
573 792 692 874 φαίνεται
707 783 774 852 εἶναι
784 793 831 853 ἔτι.

246 885 323 958 Πλὴν
335 884 411 960 ἥξει,
426 884 556 960 μείνωμεν
570 882 649 961 ὅμως·
666 884 688 940 εἰ
702 881 753 960 γδιρ
765 881 850 953 πολὺ,
863 880 941 940 πέντε

286 981 333 1045 τῆς
347 973 413 1054 ρινδς
428 972 564 1043 σταδίους,
583 970 688 1049 οἴομαι,
701 973 749 1030 οὐκ
764 971 870 1050 ἀπέχει.

1356 577 1408 621 loe.
1422 571 1582 620 chllchl.

1078 717 1162 768 nasuti
1172 716 1272 766 Niconis
1287 713 1360 764 video
1372 724 1478 772 meum,
1492 710 1621 776 Henippe3

1108 807 1190 870 ipsum
1203 817 1321 856 veronen
1332 800 1418 866 procul
1430 803 1532 864 apparet
1540 800 1627 854 abesse
1639 803 1737 866 arupbus.

1077 895 1126 945 Sed
1134 894 1227 954 reniet,
1236 901 1381 944 maneamus
1391 891 1490 948 tamem
1503 888 1636 938 maximum
1646 889 1712 951 emm,
1723 892 1804 959 quinon

1109 997 1195 1035 aneso
1207 981 1304 1041 stadia,
1317 985 1393 1045 puto,
1408 991 1456 1027 nou
1466 976 1546 1028 obest.
1739 980 1815 1045 [nulum

246 1061 316 1124 'illl'
331 1061 397 1133 αὐτὴ
408 1059 471 1137 μέν,
484 1064 559 1140 δρᾷς,
573 1057 774 1138 προπορεθεται·
786 1058 819 1131 ἢν
830 1061 852 1118 δ’
868 1057 913 1118 brt
930 1057 1020 1140 βουνὸν
1078 1071 1125 1121 Sed
1137 1071 1191 1135 ipse
1201 1069 1303 1134 quidem
1314 1079 1411 1126 ausus,
1425 1063 1512 1126 rides,
1530 1063 1659 1128 precedil3
1671 1065 1689 1115 si
1701 1081 1749 1117 vero
1763 1069 1781 1120 iu
1790 1076 1816 1122 ει·

286 1151 386 1234 ὑψηλὸν
402 1154 523 1227 στῶμεν,
537 1146 633 1207 καθτδν
653 1147 813 1228 ἐσοψάμεθα.

500 1293 563 1344 407.
584 1295 643 1342 ΤΟΥ
664 1295 774 1342 mot.

246 1424 300 1485 Τὸν
315 1422 410 1482 λεπτὸν
428 1426 558 1480 θακεδντα
572 1419 757 1498 Μενέστρατον
771 1420 857 1499 εἴαρος
876 1419 931 1500 ὥρῃ

287 1509 393 1590 μύρμηξ
408 1508 515 1580 ἐξελθὼν
530 1507 649 1569 εἵλκυσεν
664 1510 699 1576 εἰς
712 1509 824 1588 ῥαγάδα·

1109 1160 1234 1210 excelsum
1242 1154 1433 1216 ascenderimus,
1440 1153 1815 1218 etipsumb'r'coeeraspeulablnae

1361 1299 1414 1346 4⁰7.
1436 1303 1586 1346 αευεοαει.

1079 1435 1200 1485 Gracilem
1214 1434 1351 1486 sedentem
1360 1435 1537 1485 Menestraium
1549 1430 1614 1480 reris
1630 1433 1686 1478 bora

1112 1523 1217 1574 formica
1228 1536 1326 1587 egressa
1335 1523 1413 1573 traxit
1424 1522 1449 1572 in
1460 1521 1564 1578 rimam',

247 1611 313 1680 μυῖα
327 1599 349 1659 δ’
361 1599 484 1660 ἕπεστᾶσ’
500 1599 577 1658 “fatet
590 1597 756 1676 ἀνήρπασεν,
766 1603 800 1663 ὡς
812 1599 973 1673 Γανυμήδην
1056 1597 1059 1706 γ
1080 1625 1166 1662 musea
1178 1624 1237 1662 vero
1251 1611 1435 1662 adrolauseurn
1448 1609 1547 1673 rapuit,
1563 1611 1592 1657 ut
1605 1607 1746 1671 Ganymedea

288 1690 372 1752 αίετδς
386 1690 421 1756 εἰς
436 1689 570 1764 θαλάμους
585 1686 720 1767 οὐρανίους
735 1687 878 1767 Κρονίδεω·

250 1779 343 1839 πίπτεν
356 1781 379 1837 δ’
396 1783 426 1839 ἐκ
441 1781 537 1858 χειρῶν
548 1773 643 1852 μυίης,
655 1776 726 1836 κούδ’
735 1775 769 1844 ὣς
785 1776 840 1856 θίγε
851 1779 940 1854 γαίης,

287 1871 317 1927 ἐκ
329 1869 350 1926 δ’
363 1867 479 1948 ἀράχνης
494 1867 567 1926 ίστοῦ
580 1867 631 1923 τῶν
644 1865 782 1946 βλεφάρων
796 1863 936 1944 κρέμαται.

479 2023 548 2072 408.
571 2012 806 2070 ΛΟΥΚΙΑΝΟΥ.

247 2155 304 2220 Τὴν
320 2150 437 2233 κεφαλὴν
452 2155 575 2230 βάπτεις,
589 2149 619 2209 τὸ
635 2149 661 2208 δὲ
677 2153 760 2228 γῆρας
772 2149 865 2208 οὔποτε
882 2149 991 2229 θάψεις,

288 2239 347 2300 οὐδέ
362 2243 493 2319 παρειάων
508 2239 657 2304 ἐκτανύσας
668 2239 780 2318 ῥυτίδας.

250 2332 296 2400 lli-b
314 2327 398 2388 τοίνυν
412 2329 443 2386 τδ
457 2328 598 2408 πρόσωπον
612 2326 683 2385 ἅπαν
697 2324 805 2408 ψιμύθῳ
819 2325 1006 2398 κατάπλαττε,

290 2417 359 2476 ὥστε
369 2425 552 2496 προσωπεῖοντ
567 2417 644 2494 κούχὶ
658 2413 801 2494 πρόσωπον
816 2413 894 2494 ἔχειν.

248 2505 333 2566 Οὐδὲν
347 2502 398 2582 γάρ
411 2505 489 2561 πλέον
506 2503 572 2560 ἐστί·
588 2502 614 2558 τί
628 2499 749 2576 μαίνεαις
763 2500 858 2560 οὔποτε
875 2507 952 2580 pexae

292 2591 336 2651 καί
347 2590 459 2673 ψίμυθος
475 2588 559 2658 τεύξει
571 2586 618 2660 τὴν
634 2588 756 2662 Ἑαάθην
771 2588 894 2662 Ἑλένην.

460 2741 530 2791 409.
555 2730 827 2791 ΓΑΙΤΟΥΛΙΚΟΥ.

249 2875 378 2953 Τετράκις
392 2872 529 2954 ἀμρορέως
544 2871 604 2949 περί
615 2871 716 2951 χειλεσι
729 2873 819 2952 χείλεα
833 2877 906 2932 θεῖσα

292 2959 413 3034 Σειληνίς
425 2959 512 3027 πάσας
526 2959 666 3042 ἐξεράρησε
681 2959 787 3041 τράγος.

252 3049 374 3132 λὶὒχαίτα
386 3049 515 3121 Διόνυσε,
530 3047 559 3106 σέ
570 3047 592 3105 δ’
605 3045 696 3107 leaeo
711 3052 757 3108 οὐκ
772 3051 886 3126 έμίηνεν·

292 3142 350 3200 ἀλλ’
365 3129 417 3204 οἶος
432 3138 539 3216 πρώτης
553 3130 629 3208 ἦλθες
642 3138 689 3194 ἀπ’
705 3138 858 3212 οίνοπέδης,

252 3229 319 3288 τοῖόν
332 3251 361 3286 σε
375 3226 517 3306 προῦπινεν
531 3226 667 3305 ἀρειδέως,
685 3224 763 3302 ἀγγυς
778 3227 874 3305 ἔχουσα

293 3314 376 3374 είσότε
391 3314 438 3374 καί
448 3314 547 3373 νεκύων
562 3305 639 3384 ἦλθεν
654 3315 697 3372 ἐπί
708 3314 842 3394 ψάμαθον.

480 3467 550 3518 410.
574 3457 811 3516 ΛΟΥΚΙΑΝΟΥ.

253 3601 308 3660 Τοῦ
322 3598 516 3680 πωγωνορόρου
530 3601 663 3668 Κυνικοῦ,
680 3605 724 3657 τοῦ
737 3601 976 3679 βακτροποσνίτου,

294 3685 395 3765 εἴδομεν
405 3681 437 3746 Ιἔν
455 3687 552 3767 δείπνῳ
564 3686 611 3758 τὴν
626 3687 745 3764 μεγάλην
760 3688 865 3770 σορίαν.

254 3777 370 3857 Θέρμιον
384 3773 431 3853 μὲν
441 3776 493 3857 γάρ
508 3779 611 3856 πρῶτον
626 3775 757 3854 ἀπέσχετο
772 3777 818 3835 καί
832 3779 998 3856 ῥαρανίδων,

296 3866 333 3942 μὴ
349 3867 401 3925 δεῖν
414 3864 544 3926 δουλεύειν
558 3863 653 3945 γαστρί
667 3865 749 3944 λέγων
767 3863 872 3943 ἀρετήν.

256 3948 324 4017 Elias
339 3957 362 4014 δ’
375 3958 401 4015 ἓν
417 3956 589 4036 ὀφθαλμοῖσιν
603 3953 656 4013 ἴδεν
671 3953 800 4033 χιονώδεα
812 3954 912 4032 βολθαν

550 4127 609 4182 loli.
630 4141 756 4176 nrcxneur.

257 4226 383 4291 Corrspieio
393 4233 476 4274 nostro
488 4240 600 4288 magnum
611 4224 641 4273 de
653 4223 753 4273 rhetore
765 4239 858 4288 nasum,

291 4312 370 4374 thue
382 4325 446 4368 reor,
459 4317 554 4357 nonest
566 4307 627 4373 ipse,
639 4307 770 4374 Menippo,
785 4307 884 4373 procul;

257 4397 310 4442 Jarn
324 4390 404 4439 veniet
421 4406 427 4439 :
439 4405 577 4439 maneamus
588 4387 667 4438 adlrue
677 4405 684 4451 ;
695 4406 750 4438 uam
762 4390 869 4456 quinque
879 4389 987 4456 prolecto

292 4476 347 4522 Nou
362 4471 478 4537 hincjam
490 4471 571 4521 stadiis
584 4470 677 4536 longius
691 4487 741 4521 esse
751 4481 837 4538 potest.

189 4541 191 4545 ,
258 4559 346 4607 Nonne
363 4554 428 4603 rides
440 4563 467 4603 ιιι
476 4555 527 4619 jam
544 4554 658 4619 procedat
670 4559 758 4604 nasus?
768 4564 793 4604 et
805 4554 883 4622 ipsum

292 4641 398 4690 Cernere
409 4638 440 4687 sit
448 4639 511 4688 celsa
521 4673 529 4699 ‚
541 4639 560 4687 si
569 4637 654 4702 lubet,
668 4638 797 4704 expecula.

551 4751 608 4806 403.
623 4765 736 4801 cccxxxi.

256 4851 331 4914 Tinge
343 4865 437 4910 comas,
451 4848 470 4897 si
485 4849 520 4898 ris
534 4865 540 4900 ι
556 4849 614 4914 tingi
628 4859 697 4914 negat
709 4849 759 4916 ipsa
771 4859 895 4911 senectus;

291 4938 342 4985 Nec
356 4933 454 4984 dabitur
469 4949 537 4998 rugas
549 4934 691 5000 explicuisse
706 4935 780 4998 genis.

258 5025 331 5070 Parce
341 5034 428 5085 precor
437 5017 545 5067 vetulum
555 5035 649 5068 cerussa
663 5018 759 5084 pingere
770 5018 865 5068 uultum
880 5035 886 5069 ε

292 5109 421 5154 Personam
432 5101 516 5152 videor
528 5117 642 5166 cernere,
654 5119 702 5152 non
718 5102 811 5153 faeiem.

257 5188 346 5249 Stulta,
356 5185 426 5235 labor
439 5194 503 5235 εοεαε
512 5185 577 5251 perit
587 5184 628 5235 lric
642 5185 686 5241 libi
703 5201 709 5236 z
724 5185 791 5235 lucus
803 5195 829 5235 el
840 5200 911 5235 omrrc

293 5273 345 5319 Hoc
355 5284 429 5334 genus
443 5283 474 5318 ex
484 5267 584 5318 Hecuba
595 5283 644 5317 non
658 5266 745 5318 facient
756 5269 881 5318 Helenam.

1111 1701 1193 1764 aquila
1204 1700 1229 1750 in
1245 1700 1368 1750 thalamos
1379 1700 1493 1750 ccelestes
1502 1697 1620 1747 saturnii.

1080 1789 1175 1840 lixeidit
1190 1792 1274 1839 autem
1292 1788 1405 1838 menibus
1422 1799 1531 1846 muscae,
1545 1791 1571 1835 et
1581 1799 1612 1835 ne
1623 1786 1658 1835 sie
1670 1786 1754 1849 quidem
1765 1789 1815 1851 reip

1112 1878 1156 1927 sed
1170 1892 1201 1927 ex
1212 1891 1308 1927 araneae
1319 1877 1368 1926 tela
1379 1874 1503 1939 palpebris
1513 1873 1610 1939 pendet
1736 1874 1814 1938 [ternu¹

1360 2024 1414 2070 408.
1433 2020 1571 2070 LUClel.

1083 2166 1164 2226 Caput
1174 2162 1261 2226 tingis,
1273 2165 1396 2212 senectam
1410 2175 1468 2211 vero
1477 2171 1603 2223 nunquam
1615 2159 1701 2222 tinges,

1114 2263 1194 2314 neque
1207 2263 1326 2313 genarum
1338 2247 1472 2313 explicabis
1480 2261 1563 2312 rugas.

1083 2343 1119 2389 Ne
1132 2338 1207 2403 igitur
1219 2338 1305 2389 taciem
1317 2341 1394 2388 totam
1410 2349 1510 2388 cerussa
1519 2336 1623 2399 ellinge‚

1113 2427 1305 2489 beatianam,
1316 2427 1400 2476 etnou
1414 2425 1501 2476 faciem
1517 2423 1619 2474 babeas.

1058 2535 1061 2574 l
1082 2515 1120 2563 Hll
1132 2515 1200 2564 enim
1211 2514 1321 2579 prodest.
1334 2513 1400 2572 Quid
1414 2512 1521 2562 insanis?
1534 2523 1658 2574 nunquam
1675 2511 1737 2560 lucus

1113 2606 1139 2652 et
1153 2615 1241 2652 cerusa
1254 2601 1327 2652 faciet
1338 2599 1466 2651 Hecubam
1480 2599 1608 2650 Helenam.

1352 2756 1408 2802 409.
1428 2752 1595 2802 GAETULICL

1084 2897 1177 2952 Quater
1192 2892 1320 2958 amphora
1331 2893 1395 2944 cirea
1407 2891 1477 2943 labra
1489 2905 1541 2942 εαα
1553 2890 1623 2942 labra
1633 2903 1741 2954 apponens

1115 2982 1202 3033 silenis
1211 2994 1297 3032 omnes
1308 2980 1439 3032 absorbuit
1452 2981 1534 3031 laecee.

1084 3070 1177 3121 Crinito
1187 3069 1296 3128 Bacche,
1311 3072 1336 3118 te
1346 3081 1405 3118 vero
1417 3069 1488 3132 aquis
1502 3081 1550 3117 non
1560 3066 1736 3126 contaminarit;

1116 3157 1160 3208 sed
1173 3158 1253 3221 qualis
1263 3157 1343 3222 prima
1354 3157 1467 3207 venistia
1478 3156 1559 3217 uinea,

1084 3248 1158 3297 talem
1168 3249 1193 3297 ie
1204 3245 1343 3310 propinavit
1351 3245 1458 3306 abunde,
1472 3244 1590 3308 poculum
1597 3247 1681 3295 teneus

1116 3336 1194 3385 donec
1205 3336 1232 3385 et
1247 3337 1400 3384 mortuorum
1412 3334 1482 3384 reuit
1494 3332 1527 3383 ad
1536 3344 1644 3383 arenam.

1371 3480 1428 3526 lle.
1445 3475 1582 3525 LUCleI.

1087 3616 1210 3680 barbigeri
1223 3617 1322 3682 Cynici,
1332 3613 1677 3675 mendici-baculominanlis,

1119 3704 1226 3756 vidimus
1237 3706 1263 3756 iu
1277 3719 1348 3756 εοεαε
1357 3719 1471 3770 magnam
1484 3702 1637 3768 sapientiam.

1086 3793 1186 3858 Lupinis
1199 3794 1299 3859 quidem
1314 3795 1380 3845 enim
1392 3793 1500 3859 primum
1510 3792 1632 3843 abstinuit
1642 3795 1667 3842 et
1678 3787 1779 3853 raparum

1119 3897 1167 3932 non
1183 3882 1426 3946 oportereinservire
1436 3881 1519 3932 neutri
1533 3879 1738 3931 dieensririutem.

1088 3973 1171 4027 Quum
1186 3973 1271 4022 εαεεια
1282 3971 1360 4022 oculis
1372 3970 1435 4020 ridit
1444 3970 1540 4020 niveam
1553 3970 1654 4020 vulvam

1376 4140 1433 4195 4⁰9·
1452 4145 1588 4179 cernerer.

1089 4263 1148 4306 Cum
1159 4271 1201 4305 sua
1214 4255 1282 4305 labra
1291 4255 1344 4305 cadi
1358 4255 1432 4304 labris
1444 4265 1529 4321 quater
1538 4253 1701 4321 applicuisset,

1121 4339 1207 4388 Silenis
1218 4339 1286 4388 feces
1295 4337 1373 4388 ebibit
1387 4353 1462 4402 usque
1476 4353 1579 4388 merum.

1090 4427 1140 4473 Nee
1152 4425 1261 4491 corrupit
1277 4423 1346 4490 aquis
1358 4433 1400 4473 εαα
1412 4424 1513 4490 poeula,
1527 4423 1632 4472 maxime
1643 4421 1719 4472 Liber:

1122 4507 1168 4556 Sed
1182 4517 1245 4557 satus
1256 4523 1270 4556 e
1280 4506 1335 4556 ritis
1346 4506 1446 4572 palmite
1457 4505 1534 4572 qualia
1544 4521 1611 4565 eras,

1089 4593 1183 4638 Ducere
1193 4591 1227 4638 sic
1236 4605 1324 4655 purum
1339 4598 1364 4638 te
1375 4597 1495 4640 sueverat.
1509 4591 1559 4636 luet
1570 4587 1600 4636 ad
1614 4586 1664 4637 orci

1122 4675 1183 4722 Cum
1196 4687 1370 4737 congerrones,
1382 4681 1440 4722 tune
1452 4685 1550 4736 quoque
1564 4685 1605 4718 aas
1618 4668 1700 4719 tenuit.

1384 4806 1441 4854 lro.
1459 4812 1573 4846 unciani.

1848 4839 1850 4916 l

1090 4931 1196 4982 Mendici
1208 4949 1261 4999 que
1273 4932 1305 4982 sit
1319 4930 1403 4998 Cynici
1416 4929 1536 4998 sapientie
1549 4929 1640 4995 (barba
1668 4923 1673 4931 '

1122 5017 1188 5080 Quid
1201 5016 1257 5066 lacit
1269 5026 1311 5066 aut
1321 5015 1455 5079 baculusi)
1470 5031 1536 5065 eoeua
1553 5014 1633 5064 videre
1646 5011 1712 5062 dedit.

1089 5100 1202 5151 caulibus
1214 5100 1331 5150 abstinuit
1343 5099 1464 5167 primaru,
1480 5097 1598 5164 tenuique
1610 5096 1704 5164 lupino:

1123 5187 1197 5239 Nem,
1213 5183 1298 5232 Virtus
1313 5183 1392 5232 uentri
1407 5199 1455 5231 non
1471 5180 1609 5237 famulatur,
1622 5179 1673 5230 ait:

1089 5269 1122 5316 Δε
1134 5275 1260 5333 postquam
1273 5264 1371 5315 vulvam
1387 5264 1447 5314 vidit
1461 5263 1605 5330 niveamque
1618 5263 1746 5326 bonamque,

1848 5233 1850 5288 γ
