3878 5912
201 385 228 477 f
299 375 327 465 7

209 479 596 693 illatenus
638 578 965 697 alannus
1008 579 1225 694 nleov
1268 577 1597 695 necnon.

776 868 1021 892 —fiOO-u-

9 1185 11 1202 ,
167 1107 361 1177 Secundum
368 1107 434 1177 hcc
447 1108 662 1197 anthologia
676 1109 834 1177 Palatinae
844 1108 1018 1194 volumen,
1030 1105 1547 1175 immaturaFredericillttbneri
1562 1109 1681 1189 morte,

9 1209 10 1290 Ῑ
126 1224 189 1282 tres
208 1214 336 1282 abhinc
352 1237 478 1299 annos,
498 1217 751 1301 intermissum,
769 1216 813 1284 ab
827 1216 970 1284 eruditis
984 1214 1184 1282 hominibus
1197 1213 1258 1303 qui
1272 1217 1397 1280 nostrae
1410 1210 1618 1280 bibliotheca
1632 1211 1647 1278 f
1667 1249 1683 1262 ·

9 1313 10 1320 ¹
126 1328 202 1390 vent
215 1323 345 1392 diutius
365 1323 550 1411 exspectari
566 1322 675 1390 nolui.
692 1328 806 1412 Neque
819 1345 901 1390 vero
923 1327 995 1390 tam
1008 1322 1106 1410 longi
1117 1318 1289 1387 intervalli
1301 1340 1413 1386 moras
1428 1319 1564 1384 crimini
1577 1322 1685 1384 vertet

9 1437 21 1496 1
125 1433 181 1498 661
195 1429 380 1496 mirabitur
402 1429 463 1519 qui
484 1429 567 1496 sciet
591 1429 744 1498 Dubneri
759 1452 876 1516 66666,
892 1452 961 1520 quo
978 1434 1131 1519 tempore
1153 1426 1314 1512 decessit,
1334 1447 1403 1492 non
1421 1415 1513 1492 ultra
1531 1429 1684 1492 exactum

9 1573 10 1618 3
125 1559 198 1626 cap.
213 1541 283 1604 xlv
300 1540 551 1605 consummatas
563 1537 686 1622 fuisse3
703 1537 853 1627 capitum
867 1541 923 1604 XV
935 1540 969 1604 et
980 1540 1049 1603 xvl
1062 1538 1191 1602 textum
1204 1532 1440 1602 tantummodo
1454 1532 1525 1599 lere
1540 1536 1579 1598 ut
1592 1553 1685 1599 nunc

124 1645 249 1733 legitur
271 1645 477 1736 impressum
503 1667 512 1711 ι
534 1645 807 1730 annotationem,
833 1644 958 1734 prioris
985 1643 1204 1734 impressam,
1225 1663 1295 1708 non
1314 1643 1518 1724 correctam,
1543 1639 1683 1705 alterius
1769 1699 1773 1704 .

9 1817 10 1862 ,
123 1759 224 1818 totam
243 1751 396 1818 Dubneri
410 1772 514 1819 manu
528 1751 750 1841 descriptam,
768 1751 827 1818 sed
839 1750 1023 1841 typothetis
1037 1749 1190 1817 nondum
1203 1747 1379 1833 traditam,
1396 1745 1525 1813 indices
1537 1745 1684 1833 denique

9 1865 11 1954 1
125 1859 415 1947 Epigrammatum
433 1863 467 1924 et
480 1863 658 1935 Poetarum
673 1880 741 1924 non
760 1857 861 1931 modo
876 1879 946 1922 non
959 1856 1204 1940 inchoatos,·at
1221 1875 1265 1920 ne
1285 1857 1456 1944 susceptos
1470 1851 1628 1940 quidem,
1645 1856 1685 1916 nt
1807 1913 1809 1916 ,
1924 1858 1927 1864 ’

9 2047 10 2056 ἵ
123 1966 179 2053 qui
196 1971 267 2031 non
282 1965 350 2030 nisi
363 1966 463 2032 tertio
479 1964 646 2035 volumini
665 1964 824 2034 accedere
838 1964 1013 2031 deberent.
1031 1967 1110 2042 Quae
1124 1962 1185 2028 nbi
1204 1961 1291 2029 mihi
1309 1960 1465 2048 cognita,
1481 1980 1554 2025 rem
1567 1958 1694 2048 incep-¹

9 2067 11 2120 l
124 2075 188 2137 tam
209 2071 255 2137 ad
277 2071 404 2137 exitum
419 2070 607 2161 perducere
627 2071 774 2139 decrevi.
792 2075 907 2160 ltaque
932 2071 988 2138 vix
1008 2069 1126 2161 paucis
1141 2066 1329 2155 interjectis
1345 2065 1540 2148 mensibus,
1557 2069 1686 2154 quanto

9 2165 12 2282 L
123 2177 230 2244 studio
257 2182 455 2267 quantaque
480 2177 556 2245 fieri
572 2178 684 2267 potuit
705 2178 903 2266 diligentia,
922 2198 1027 2268 opera
1043 2176 1123 2246 data
1138 2178 1188 2243 661
1206 2178 1245 2241 61
1259 2194 1355 2263 spem
1373 2171 1531 2264 promissi
1547 2171 1682 2238 dudum

9 2293 11 2316 '
123 2284 305 2350 voluminis
320 2285 459 2352 allectus
473 2284 644 2370 firmaret,
661 2285 731 2352 imo
746 2291 939 2374 superaret,
952 2284 1095 2354 adsertis
1109 2305 1233 2373 nempe
1247 2283 1282 2347 in
1300 2281 1444 2348 auctarii
1458 2278 1599 2346 modum
1610 2278 1685 2367 qui·

9 2393 11 2466 1
123 2389 263 2456 busdam
277 2395 313 2456 et
332 2393 620 2480 epigrammatum
637 2397 671 2458 et
688 2392 947 2459 annotationum
964 2390 1222 2474 additamentis,
1240 2387 1449 2477 adjectisque
1468 2385 1602 2452 duobus
1619 2385 1683 2470 iis,

9 2469 12 2590 ἶ
124 2518 203 2584 quos
217 2496 308 2581 dixi,
334 2496 507 2563 indicibus
525 2519 532 2562 :
549 2496 676 2586 quibus
690 2497 910 2564 conficiendis
923 2503 962 2564 ut
975 2496 1122 2564 multum
1136 2495 1299 2585 temporis
1316 2495 1529 2584 impensum,
1546 2493 1594 2559 ita
1614 2514 1684 2558 non

9 2605 11 2640 ³
125 2622 241 2690 parum
256 2601 415 2669 utilitatis
429 2624 470 2668 ex
491 2602 550 2688 iis,
569 2602 691 2688 credo,
715 2603 907 2693 percipient
929 2605 1138 2695 quicumque
1160 2610 1312 2672 nostram
1334 2600 1423 2668 hanc
1442 2598 1682 2686 Anthologiam

9 2727 11 2778 ὲ
125 2705 280 2774 manibus
295 2707 462 2774 versaturi
477 2713 566 2774 sunt.
583 2712 755 2796 Namque,
770 2715 808 2776 ut
831 2709 873 2777 de
889 2709 1003 2799 priore
1018 2714 1152 2778 tantum
1165 2709 1299 2799 loquar,
1321 2707 1442 2774 melior
1461 2705 1518 2772 hic
1542 2703 1683 2771 consilio

9 2837 11 2874 4
124 2813 312 2898 institutus,
333 2835 437 2903 quam
452 2814 512 2902 qui
529 2818 619 2880 tomo
634 2815 734 2882 te1ti0
749 2816 906 2883 editionis
920 2815 1127 2884 Jacobsianae
1140 2814 1290 2901 additur,
1305 2808 1432 2882 scilicet
1446 2833 1514 2878 non
1531 2810 1576 2877 ad
1589 2810 1683 2878 volu-

9 2977 11 3000 ,
125 2941 200 2984 mon
218 2925 253 2986 et
266 2920 452 3008 paginam,
468 2920 528 2987 sed
542 2921 586 2988 ad
605 2921 718 3009 capita
738 2925 771 2987 et
792 2943 961 2988 numeros·
969 2921 1278 3012 epigrammatum,
1294 2921 1439 2987 lectores
1462 2917 1629 3003 retenone,
1650 2928 1684 2984 et

123 3023 282 3116 cujusque
307 3026 566 3120 epigrammatis
588 3028 693 3117 primi
708 3049 826 3094 versus
847 3029 960 3119 prima
975 3027 1099 3113 verba,
1121 3050 1190 3095 non
1207 3049 1247 3095 ex
1260 3030 1377 3094 nostra
1393 3022 1495 3091 modo
1514 3023 1680 3108 editione,

9 3155 11 3220 ς
123 3132 178 3198 sed
191 3155 230 3199 ex
244 3133 350 3199 variis
364 3133 586 3218 lectionibus,
602 3134 785 3219 exhibens,
805 3135 1018 3202 diversarum
1032 3133 1221 3202 editionum
1234 3133 1350 3224 aliquo
1363 3131 1464 3200 modo
1480 3130 1680 3198 cottcordcn⁸

9 3237 11 3322 ξ
123 3238 196 3306 tiam
210 3239 416 3329 suppeditat.

9 3347 11 3382 ἶ
163 3366 319 3429 Ceterum
340 3362 382 3430 de
399 3365 529 3430 ratione
543 3365 690 3451 ,hujusce
718 3365 903 3432 voluminis
923 3365 1061 3452 longius
1078 3365 1207 3455 profari
1222 3386 1291 3431 non
1307 3365 1343 3431 in
1359 3363 1474 3430 animo
1487 3367 1554 3446 est,
1573 3383 1680 3450 quum

9 3471 11 3558 f
122 3469 229 3559 ample
242 3477 277 3536 et
298 3470 475 3559 perspicue
494 3470 674 3538 Dubnerus
688 3473 727 3538 in
749 3472 853 3562 primi
868 3471 1065 3541 Praelatione
1079 3471 1121 3539 de
1136 3478 1303 3561 apparatu
1325 3470 1495 3537 librorum
1510 3468 1680 3536 subsidio*

121 3597 261 3665 mmque
275 3574 403 3664 quibus
419 3598 500 3642 usus
515 3582 580 3663 est,
597 3577 687 3644 etde
705 3578 804 3645 sociis
820 3577 872 3643 sui
886 3576 1033 3662 laboris,
1047 3577 1255 3645 disseruerit.
1278 3578 1365 3644 Satis
1380 3577 1423 3643 sit
1439 3575 1627 3661 monuisse,
1643 3576 1680 3642 in

122 3683 182 3766 eis,
198 3705 277 3772 qnae
291 3681 515 3750 emendandae
528 3690 746 3773 supererant,
769 3684 921 3753 Dttbneri
941 3683 1218 3752 annotationibus
1240 3705 1309 3750 non
1326 3683 1410 3750 adeo
1429 3682 1545 3749 nimiae
1564 3681 1680 3749 brevi-

120 3791 191 3875 tati,
209 3811 317 3879 quam
332 3789 404 3878 ipsc
420 3790 653 3876 affectaverat,
673 3791 867 3858 consultum
879 3790 1001 3875 luisse;
1018 3791 1078 3858 sed
1092 3791 1263 3881 plurima,
1281 3791 1351 3857 sive
1366 3789 1411 3857 ad
1423 3789 1609 3856 lectionum
1623 3811 1681 3856 va-

121 3897 290 3982 rietatem,
313 3897 384 3962 sive
398 3897 443 3964 ad
460 3918 514 3963 res
537 3902 570 3964 et
587 3897 770 3964 verborum
791 3918 928 3964 sensum
942 3898 1148 3987 spectantia,
1168 3919 1186 3964 e
1201 3896 1309 3987 copiis
1325 3896 1540 3985 potissimum
1558 3896 1678 3964 Jacob-

120 4003 234 4082 sianis,
256 4024 343 4092 quas
357 4002 416 4068 1116
434 4003 570 4092 parcius
584 4025 623 4070 ac
638 4005 896 4092 properantius,
914 4003 955 4069 in
966 4025 1007 4070 66
1021 4009 1111 4070 66616
1133 4003 1246 4091 operis
1260 4004 1312 4069 661
1327 4009 1440 4091 parte,
1456 4002 1676 4089 delibaverat,

121 4107 235 4174 collata
256 4131 349 4193 6666,
365 4130 433 4197 quo
453 4109 716 4176 commentarius
733 4109 930 4176 instructior
943 4117 976 4175 et
989 4111 1140 4175 ornatior
1154 4108 1324 4175 evaderet.
1343 4108 1438 4185 Quod
1451 4109 1479 4175 si
1493 4108 1537 4174 ad
1553 4107 1679 4176 Omissa

120 4217 303 4301 presertim
320 4214 386 4304 (de
401 4215 527 4304 quibus
549 4238 611 4282 suo
630 4215 704 4282 loco
722 4214 851 4282 dictum
867 4215 934 4305 661)
949 4215 1124 4304 aliquanto
1139 4216 1249 4281 fusius
1263 4235 1368 4304 quam
1383 4215 1419 4279 in
1439 4215 1559 4280 ceteris
1573 4236 1680 4280 anno·

9 4373 11 4416 ,
120 4325 221 4386 tatum
236 4330 305 4403 est,
328 4321 377 4386 ita
389 4321 517 4387 factum
534 4322 633 4387 crede
647 4327 720 4388 tum
735 4323 817 4411 quia
830 4321 880 4387 ibi
902 4321 1011 4388 multa
1036 4321 1325 4412 interpretationis
1342 4319 1459 4387 arduae
1477 4325 1590 4404 erant,
1605 4325 1677 4386 tum

118 4447 156 4490 eo
169 4427 260 4515 quod
272 4428 309 4492 in
325 4427 455 4492 ultimis
471 4426 612 4494 liberius
627 4428 765 4516 paginis
784 4428 931 4517 spatium
953 4428 1153 4495 excurrendi
1170 4427 1385 4518 suppetebat.
1402 4431 1515 4516 Neque
1530 4427 1628 4492 aliter
1642 4427 1678 4493 in

118 4534 335 4622 stereotypis,
353 4555 500 4622 quorum
526 4556 600 4625 cap.
623 4539 662 4601 lx
684 4537 857 4622 integrum
881 4540 915 4602 61
938 4534 1105 4624 quasdam
1132 4535 1216 4602 alias
1236 4535 1274 4600 in
1296 4537 1493 4601 transcursu
1518 4533 1678 4623 plagulas

120 4636 292 4705 btbnerus
307 4633 562 4724 retractaverat,
577 4641 730 4729 plurima
743 4641 797 4707 vel
807 4646 883 4730 post
895 4642 994 4708 illum
1005 4641 1186 4709 emendata
1200 4644 1298 4726 sunt;
1313 4639 1481 4706 nonnulla
1493 4640 1624 4721 leviter,
1641 4648 1680 4707 ut

10 4809 11 4816 ,
121 4761 177 4828 par
199 4750 273 4811 6661
295 4744 508 4834 licebatque,
526 4747 725 4831 immutata,
746 4747 951 4837 quandoque
973 4748 1032 4815 ille
1051 4753 1111 4814 aut
1132 4748 1332 4814 humanitus
1349 4747 1515 4814 erravisse
1530 4752 1590 4813 aut
1608 4747 1678 4814 suis

120 4847 326 4940 aliorumque
342 4852 543 4939 conjecturis
558 4854 704 4920 nimium
719 4854 920 4921 concessisse
934 4855 1042 4940 visus;
1055 4855 1140 4939 alia,
1158 4853 1218 4920 ubi
1234 4853 1319 4943 quid
1331 4854 1396 4920 loci
1412 4855 1447 4920 in
1462 4857 1578 4943 aperto
1591 4857 1675 4938 erat,

9 4961 10 4974 ¹
120 4957 285 5044 apposita,
303 4957 405 5025 modo
420 4959 473 5025 vel
488 4949 671 5026 minimum
687 4961 842 5028 utilitatis
861 4961 989 5028 habere
1003 4968 1151 5051 possent.

9 5171 11 5194 ὲ
160 5100 200 5164 ut
216 5099 329 5189 primo
351 5100 517 5167 volumini
532 5103 681 5191 pretium
703 5125 815 5191 opera
831 5103 976 5170 Jacobsii
995 5105 1241 5191 prolegomena
1261 5103 1395 5170 minora
1408 5123 1608 5190 praeponere
1623 5102 1675 5167 vi·

9 5277 11 5298 ,
121 5219 190 5269 sum
209 5210 275 5290 est,
296 5207 343 5274 116
355 5206 438 5273 huic
453 5209 604 5294 lingonis
618 5209 720 5276 Grotii
739 5232 746 5247 ·
765 5231 832 5276 non
847 5210 983 5298 integra
998 5232 1037 5277 66
1056 5210 1214 5300 quidem,
1229 5214 1269 5274 ut
1282 5209 1425 5276 minoris
1440 5206 1674 5292 emolumenti,
