3734 5920
313 435 438 496 CAPUT
458 435 509 496 xi.
533 430 816 496 EPIGRAMMATA
837 429 1074 491 convivitis
1097 429 1145 489 ET
1167 429 1374 490 tuuisutun.
1593 433 1654 494 stu

47 570 152 648 μήποτε
168 569 191 630 δ’
205 569 311 649 εὐρύνῃς
324 567 370 627 σέο
384 566 484 647 χείλεα·
498 565 536 631 τίς
549 565 600 647 γάρ
615 567 727 626 ὀδόντων

81 659 187 738 ὄρχατον
203 657 314 731 ἐμπήξει
328 654 508 738 ραρμακόεντε
523 656 609 736 δόλῳ;

10 753 23 792 ⁸
45 749 97 818 Τὴν
109 745 185 826 χάριν
197 745 421 826 θξέρρευσαςθσην
434 743 502 823 ίχες·
518 745 566 802 οὐκ
576 743 630 804 ἀπὸ
644 746 733 819 πηγῆς

81 835 173 911 ἀγλαΐη
187 834 286 910 μελέων
301 831 407 892 ἕλκεται
422 833 528 893 ἀενάου.

45 923 89 991 Ὦς
102 925 128 982 δὲ
145 923 219 1002 ῥόδον
232 920 386 989 θαλίθεσκες
399 923 426 980 ἐν
439 921 516 1001 είαρι·
529 927 574 980 ν’ῡν
590 920 614 980 δ’
628 918 793 1000 ἐμαράνθης,

79 1011 173 1090 γήραος
187 1013 320 1091 αὐχμηρῷ
337 1009 490 1091 καρφομὲνη
502 1009 581 1090 θέρεϊ.

291 1153 353 1204 3λ5.
373 1156 432 1202 ΤΟΥ
450 1156 556 1204 ΑΥΤΟΥ.

44 1281 173 1358 Ἐπταρον
189 1281 253 1359 άγχι
266 1279 376 1360 τάρυιο,
387 1279 433 1338 καὶ
445 1279 539 1352 ἤθελον
553 1280 641 1339 αὐτόθ’
657 1282 770 1338 άκοῢσαι

77 1359 117 1430 οἷά
130 1391 181 1446 περ
194 1369 332 1445 ὠῖσάμην,
350 1371 444 1448 μοῖραν
455 1371 521 1443 ἐμῆς
535 1368 643 1448 ἀλόχου.

44 1457 175 1536 Ἐπταρον
191 1457 227 1524 εἰς
239 1453 358 1533 άνίμους·
375 1454 472 1534 άλοχον
485 1455 513 1514 δι’
529 1479 574 1534 μοι
588 1453 618 1514 ού
632 1479 659 1513 τι
672 1455 775 1535 κιχάνει

78 1544 170 1626 λυγρὸν
185 1546 212 1604 όν
227 1542 390 1624 ἀνθρώποις,
404 1548 434 1603 οὐ
448 1544 540 1624 νόσος,
556 1547 586 1603 οὐ
602 1545 720 1611 θάνατος.

143 1697 213 1748 sto.
238 1688 410 1749 Arselot
432 1687 721 1748 ΣΧΟΛΛΣΤΙΚΟΥ.

42 1825 151 1906 Ῥότορα
162 1827 228 1905 πρὸς
239 1826 370 1908 Διόδωρον
380 1826 447 1907 ἀνὴρ
462 1827 576 1898 δειλαιος
591 1827 712 1889 ἀπελθὼν

77 1915 159 1998 εἴρετό
174 1940 219 1993 μιν
232 1917 303 1991 τοίης
318 1919 386 1998 ἀμφὶ
400 1917 584 1991 δικασπολίης·

45 2005 202 2086 «Ἦμετέρη
215 2004 361 2087 θεράπαινα
376 2004 455 2087 φύγεν
467 2004 542 2065 ποτί·
557 2002 605 2077 τὴν
616 2004 646 2064 δι’
658 2029 697 2074 τις
712 2005 811 2087 εὑρὼν,

79 2127 91 2151 ι
106 2097 247 2177 ἀλλοτρίην
261 2099 285 2158 τ’
296 2089 363 2156 εἶναι
376 2098 467 2178 λάτριν
483 2099 674 2176 ίπιστάμενος,

11 2209 22 2246 s
45 2215 56 2242 ε
69 2187 151 2257 ζεῦξεν
164 2189 203 2264 ἑῷ
218 2185 367 2266 θεράποντι·
381 2186 456 2246 τόκεν
468 2189 492 2246 δ’
508 2186 560 2246 θπδ
574 2189 672 2257 παῖδας
687 2189 785 2271 ἐκείνῳ·

79 2304 91 2328 ε
105 2275 149 2335 καὶ
161 2275 214 2334 τίνι
230 2275 360 2334 δουλεύειν
376 2275 426 2336 εἰσὶ
442 2276 613 2351 δικαιότεροι;
630 2303 643 2330 ν

43 2364 87 2431 εΟς
100 2363 123 2422 δ’
136 2363 182 2423 δτε
198 2363 358 2444 μερμήριξε,
369 2365 415 2424 καὶ
430 2365 524 2443 ἔδρακε
541 2364 633 2443 βίθλον
648 2363 773 2444 ἑκάστην,

78 2441 148 2509 εἶπεν
162 2452 323 2532 ἐπιστρέψας
335 2450 414 2534 γυρδν
425 2451 585 2512 ἐπισκύνιον·

44 2565 55 2589 s
68 2537 104 2600 Ἢ
116 2539 174 2612 σοὶ,
191 2537 259 2619 θεῷ
271 2539 356 2598 ἑλόντι
369 2538 432 2612 τεὴν
445 2539 608 2620 θεράπαιναν
619 2539 723 2618 άνάγκη

84 2655 97 2680 ι
111 2626 244 2686 δουλεύειν
259 2627 374 2699 κείνους,
387 2619 423 2688 ύν
437 2629 516 2709 χάριν
529 2627 646 2710 ε’ξερέεις·

45 2715 131 2784 εὲίζευ
145 2715 172 2774 δ’
188 2715 344 2792 εύμενέοντα
357 2717 532 2792 δικασπόλον,
543 2707 610 2799 αἶψα
621 2716 643 2778 δ’
658 2719 757 2799 ἀποίσῃ

77 2829 91 2860 ε
108 2808 199 2884 ψῆφον
211 2805 378 2886 α’ρειοτόρην,
391 2805 415 2866 εἴ
427 2829 458 2885 γε
471 2805 561 2865 δίκαια
575 2805 667 2885 λέγεις.
685 2831 697 2859 ν

291 2957 359 3010 stt.
384 2949 577 3009 tinnitus.

43 3090 149 3173 Ὀρνεον
164 3094 293 3170 τ’,σθίομεν
309 3093 469 3175 κεκλημένοι
485 3096 574 3157 ἄθλιον
586 3096 677 3178 ἄνδρες

80 3184 169 3242 ἄλλων
188 3185 297 3264 ὀρνίθων
311 3181 443 3264 βρώματα
457 3184 602 3260 γινόμενοι·

44 3269 86 3328 καὶ
97 3269 139 3328 τὸν
156 3269 208 3346 μὲν
219 3273 245 3330 Τ
247 3269 317 3329 ιτυθν
327 3271 396 3332 κατὰ
409 3275 458 3350 γῆς
473 3271 519 3330 δύο
532 3275 614 3350 γῦπες
624 3271 727 3332 ἔδουσιν
738 3317 747 3348 ,

79 3361 149 3435 ἡμᾶς
164 3357 194 3416 δὲ
209 3360 309 3428 ζῶντας
322 3357 448 3440 τέσσαρες
463 3359 589 3438 αἱγυπιοί.

301 3506 363 3558 378.
384 3507 445 3554 ΤΟΥ
462 3507 571 3557 ΑΥΤΟΥ.

43 3633 80 3692 (λλ
97 3630 215 3710 δύναμαι
226 3637 346 3712 γαμετῆς
359 3634 405 3692 καὶ
416 3637 605 3714 γραμματικῆς
621 3633 776 3713 ἀνέχεσθαι,

50 3725 270 3821 ογραμματικῆς
285 3720 403 3801 ἀπόρου,
419 3726 464 3781 καί
478 3727 596 3800 γαμετῆς
611 3723 714 3783 ἀδίκου.

44 3893 87 3942 Sed
99 3893 167 3944 labro
180 3911 211 3944 ne
225 3893 315 3960 pandas
326 3901 378 3944 esto
391 3910 484 3944 memor
497 3911 504 3945 ε
518 3912 558 3944 ars
569 3897 614 3946 tibi
628 3897 708 3948 fucum

74 3979 146 4027 Nolis
158 3977 242 4044 dabtt',
255 3978 338 4027 dentes
351 3994 400 4043 quo
411 3994 525 4044 reparare
536 3996 618 4046 quens.

44 4061 109 4128 Quod
124 4059 205 4110 iuerat
218 4059 316 4122 formu,
330 4059 401 4110 fluxit
414 4060 459 4111 tibi
472 4076 479 4111 ε
495 4071 560 4112 term
570 4063 675 4114 deeusne

73 4145 131 4207 Qus
143 4153 228 4194 mount
239 4144 313 4210 possit
326 4143 422 4194 trudere
433 4146 499 4209 quod
512 4153 627 4197 maneat?

46 4230 75 4277 t't
86 4244 138 4278 roso
153 4227 276 4290 florebas,
288 4229 346 4278 dum
358 4244 400 4278 ver
413 4237 479 4293 erst3
492 4229 559 4279 arido
571 4248 636 4282 nunc
647 4251 686 4296 es,

75 4315 154 4378 Atque
166 4312 214 4362 en's
226 4328 234 4364 ε
247 4317 296 4362 hoc
309 4322 392 4375 estes,
405 4329 493 4381 nempe
505 4323 614 4372 senecta,
629 4315 695 4370 tacit.

331 4440 389 4500 375.
409 4456 528 4492 sansonis.

45 4551 195 4600 sternuernm
207 4549 328 4599 tumulum
337 4549 407 4614 juxta
416 4585 424 4610 ,
433 4549 484 4613 jum
493 4549 591 4617 jamque
602 4552 716 4618 putabam

74 4631 167 4681 Διεδίεα
177 4630 260 4682 uxoris
272 4628 320 4682 iata
330 4647 442 4698 supremo
453 4647 522 4682 mete.

45 4715 196 4765 sternuersm
208 4714 288 4764 ventis
301 4729 308 4764 :
323 4713 397 4764 sensit
410 4713 473 4764 nihil
486 4716 536 4783 ipsa
548 4717 664 4769 notorum
671 4755 679 4781 ,

77 4799 106 4846 Et
117 4812 184 4847 mors
197 4806 224 4847 et
234 4796 315 4846 morbi
325 4813 421 4864 semper
433 4798 464 4848 ab
476 4798 522 4849 hec
534 4799 636 4864 fugiunt.

279 4917 339 4979 376.
356 4933 471 4967 suornm
486 4934 614 4968 ossroms.

47 5025 167 5076 eiusdem
180 5026 277 5093 quidum
288 5027 422 5078 Diodorum
433 5026 545 5088 rhetora,
555 5028 644 5080 iactum
727 5013 731 5020 ⁴

78 5109 207 5176 Proponit,
222 5110 288 5160 Juris
299 5109 358 5176 quid
370 5110 447 5170 toret,
460 5110 517 5161 inde
532 5122 618 5177 roget:

47 5192 164 5243 λοοίλλεεει
173 5229 182 5254 ,
192 5193 223 5244 de
234 5209 273 5244 me
284 5211 337 5259 quse
351 5193 459 5260 ingerat,
474 5195 562 5261 excipit
575 5196 651 5260 ulter,

79 5277 160 5343 thue
171 5293 213 5326 suo
227 5293 296 5328 serto
308 5278 339 5327 sit
351 5277 419 5345 qussi
430 5287 520 5345 nuptu,
533 5277 604 5342 fucit,

867 572 902 620 Nc
917 581 1026 632 unquam
1044 581 1103 618 uero
1120 567 1270 632 terga-speri
1287 571 1332 618 tus
1346 567 1435 624 isbtos
1450 569 1506 632 quis
1517 568 1581 619 onim
1593 571 1656 621 don·

898 655 1009 706 ordinem
1022 654 1117 720 διεσθίει
1126 655 1260 706 artificioso
1273 655 1348 706 tiolo?
1475 690 1477 702 .
1583 658 1656 722 [tium

869 743 978 794 Graiium
991 741 1104 794 effudisti
1112 745 1230 807 quonism
1239 743 1364 794 habebas:
1375 757 1422 792 noo
1432 758 1448 794 o
1458 745 1524 796 sonte

899 831 964 882 nitor
976 830 1142 881 membrorum
1156 831 1256 882 ducitur
1268 831 1377 896 perenni.

869 922 903 970 ut
910 932 967 969 rosa
978 921 1062 969 sutem
1073 920 1178 970 florebas
1189 919 1216 969 in
1224 933 1282 971 vere
1293 934 1301 967 ε
1313 934 1379 970 nuuc
1390 923 1473 972 notem
1483 922 1650 986 tabefactus,

901 1010 960 1061 senii
974 1009 1147 1088 pulverulenta
1161 1010 1253 1060 siccate
1265 1012 1360 1060 estete.

1151 1153 1206 1200 375.
1229 1161 1384 1204 ntusnttst.

870 1285 1013 1336 Stemutnri
1028 1283 1060 1334 sd
1072 1283 1222 1347 sepulcrum,
1236 1283 1261 1332 et
1271 1280 1384 1332 volebam
1395 1281 1479 1332 statim
1492 1280 1578 1333 audire

901 1385 959 1435 (μευ
972 1369 1059 1434 utique
1071 1367 1216 1433 spembsm,
1232 1367 1314 1418 iatum
1328 1380 1391 1418 meu
1405 1367 1523 1434 conjugis.

870 1458 1012 1510 Stemutuvi
1023 1457 1049 1508 in
1059 1457 1147 1507 ventos
1159 1469 1166 1500 =
1178 1455 1374 1520 conlugemucm
1385 1468 1467 1506 meam
1475 1455 1536 1506 nihil
1547 1455 1645 1518 attingit

901 1546 972 1598 triste
982 1547 1046 1597 iuter
1056 1543 1177 1604 homiues,
1187 1556 1234 1593 nec
1247 1541 1363 1605 morbus,
1373 1555 1420 1594 nec
1432 1556 1509 1594 mors.

1038 1706 1092 1753 376.
1110 1702 1261 1752 AGATHIAE
1278 1701 1495 1760 scitotssttcl.

871 1843 1003 1894 Rhetorem
1016 1842 1047 1894 sd
1059 1842 1198 1893 Diodorum
1210 1841 1247 1891 vir
1256 1841 1438 1906 inops-consilii
1455 1841 1556 1895 abiit-et
1657 1895 1658 1898 ,

902 1931 1064 1996 interrogarit
1075 1945 1134 1984 eum
1145 1931 1190 1982 tuti
1201 1930 1232 1981 de
1243 1929 1334 1995 judicio
1349 1945 1354 1977 :

872 2043 885 2065 ε
897 2023 986 2072 Nostro
1000 2020 1093 2070 iumuls
1103 2019 1166 2084 fugit
1174 2017 1312 2083 quondam3
1325 2018 1393 2068 ilium
1401 2031 1461 2068 vero
1469 2017 1559 2082 uliquis
1566 2021 1662 2080 noctus,

904 2109 1057 2171 alienumque
1070 2120 1125 2158 esse
1137 2119 1235 2157 εεενεεεε
1247 2105 1340 2168 σείσειε,

869 2199 949 2261 junxit
961 2212 1007 2249 suo
1021 2197 1115 2248 romulo
1126 2211 1133 2240 ι
1143 2195 1241 2264 peperit
1250 2197 1334 2246 sutem
1345 2207 1436 2259 pueros
1451 2194 1505 2246 itti:

903 2287 1002 2338 cuinam
1014 2286 1107 2338 servire
1120 2299 1164 2336 eos
1177 2287 1216 2336 esi
1223 2284 1334 2349 justius?
1344 2305 1356 2328 ν

872 2377 915 2427 liis
926 2379 1012 2426 sutem
1021 2377 1154 2440 postquam
1164 2372 1353 2423 dtu-meditatio
1362 2372 1469 2436 inspexit
1477 2371 1569 2422 librum
1577 2387 1662 2436 quom-

903 2464 966 2515 dixit
980 2464 1102 2528 stringens
1111 2461 1243 2513 rotundum
1252 2461 1375 2511 butum:
1588 2459 1661 2525 [quc.

873 2575 885 2597 «ι
901 2557 951 2604 Aut
964 2552 1026 2612 ubi,
1042 2555 1087 2602 out
1098 2551 1121 2602 ci
1140 2550 1264 2616 qui-cepit
1274 2553 1345 2600 tuum
1361 2549 1493 2612 tumulum,
1508 2563 1608 2601 necesse
1624 2555 1664 2601 cst

903 2641 998 2692 servire
1009 2640 1077 2701 ilios,
1089 2652 1197 2703 quorum
1208 2638 1287 2702 gratis
1303 2637 1440 2702 interrogas
1454 2657 1461 2688 e

872 2744 956 2794 qiiaere
967 2743 1027 2780 νεεο
1037 2729 1183 2780 benevolum
1199 2727 1371 2788 considicum,
1383 2727 1502 2780 utstatim
1514 2727 1654 2793 reportabis

904 2820 1050 2873 senteutiam
1065 2819 1199 2884 potiorem,
1215 2819 1237 2870 si
1247 2817 1347 2882 quidem
1355 2819 1422 2882 justo
1435 2819 1506 2872 dicis.
1520 2841 1531 2864 ι.

1144 2983 1197 3030 377.
1214 2981 1377 3034 PALLADAE.

874 3117 951 3162 Auem
965 3112 1170 3164 manducavimus
1181 3112 1279 3164 inritati
1288 3113 1406 3168 miserem
1414 3113 1476 3174 viti,

905 3200 1009 3251 aliorum
1022 3200 1107 3251 auium
1118 3204 1195 3265 dapes
1208 3199 1268 3254 fecti
1282 3221 1288 3250 :

874 3292 899 3340 et
912 3289 1013 3352 Tityum
1025 3287 1126 3354 quidem
1140 3287 1189 3341 sub
1202 3291 1269 3340 tens
1278 3289 1330 3339 duo
1340 3289 1452 3340 uultures
1466 3289 1558 3352 edunt,

906 3391 951 3427 nos
960 3392 1019 3429 vero
1030 3379 1143 3429 viventes
1155 3379 1274 3442 qtnttuor
1281 3377 1392 3428 vulturii.

1156 3523 1211 3570 378.
1233 3529 1389 3574 musonii.

875 3653 930 3700 tion
941 3663 1043 3714 possum
1053 3663 1153 3701 uxomm
1161 3650 1244 3701 simut
1253 3651 1279 3700 ct
1292 3649 1478 3714 grammaticam
1491 3651 1627 3714 sustinere,

906 3738 1091 3803 grammaticam
1103 3739 1214 3803 inopem,
1225 3741 1251 3789 et
1263 3751 1368 3788 uxorem
1379 3737 1506 3803 injustum.

875 3900 921 3949 Sed
933 3917 1019 3964 gnarus
1032 3916 1081 3950 ooo
1094 3915 1144 3950 esse
1154 3915 1222 3948 suam
1236 3916 1242 3950 ε
1257 3900 1321 3965 perit
1336 3900 1377 3950 itta
1390 3901 1487 3951 morito.

910 3983 978 4032 iliius
992 3983 1023 4031 sd
1035 3983 1165 4048 purtusjus
1177 3981 1267 4042 liobet,
1282 3983 1376 4049 inquit,
1389 3989 1461 4034 uter?

876 4065 921 4115 tite
933 4065 974 4114 diu
989 4081 1058 4114 cums
1070 4073 1094 4114 et
1105 4065 1182 4114 muita
1196 4063 1320 4115 uolumina
1331 4081 1428 4116 versum

909 4144 1008 4209 sinuit,
1023 4147 1143 4196 adducens
1153 4162 1227 4196 curm
1239 4146 1366 4213 supercilio
1381 4163 1387 4197 :

877 4234 942 4292 iios,
958 4231 988 4280 de
999 4230 1069 4298 queis
1080 4230 1176 4296 egitur,
1192 4231 1229 4279 uei
1243 4230 1266 4282 ci
1279 4230 1371 4282 seruire
1385 4247 1481 4282 necesse
1492 4245 1542 4296 est,

910 4315 989 4376 Quem
1001 4328 1075 4379 penes
1088 4312 1139 4379 ipsa
1152 4311 1198 4362 tuit
1211 4328 1292 4371 εεενα,
1305 4313 1405 4363 volesne
1419 4322 1481 4364 tuos.

876 4395 951 4447 Effice
962 4397 993 4447 sit
1003 4397 1078 4463 judex
1091 4396 1137 4447 tibi
1150 4397 1192 4462 qui
1203 4396 1235 4447 sit
1249 4397 1339 4450 euticus
1352 4413 1359 4448 ι
1372 4397 1450 4448 abibis

909 4482 996 4533 Victor
1005 4481 1037 4532 sb
1050 4480 1096 4532 hec
1109 4497 1204 4545 cnusss,
1216 4481 1237 4531 si
1249 4483 1320 4534 modo
1329 4483 1394 4549 justu
1408 4483 1479 4550 petis.

1172 4615 1230 4674 377.
1249 4629 1373 4664 εεεεεεει.

878 4716 996 4767 eodum
1007 4715 1119 4782 pascebat
1132 4715 1182 4765 esis
1193 4731 1238 4766 nos
1248 4714 1310 4766 forte
1324 4723 1433 4779 vocotus,

910 4803 943 4850 At
957 4799 1057 4850 misems
1070 4800 1122 4851 olim
1136 4815 1181 4850 nos
1193 4800 1396 4866 epulanturtues.

877 4885 926 4950 Qui
940 4885 1038 4951 Tityum
1050 4885 1157 4934 lucerent
1167 4884 1231 4950 spud
1245 4900 1329 4935 orcum
1340 4895 1395 4936 suot
1406 4885 1466 4942 duo,
1482 4885 1523 4936 sed
1539 4900 1582 4936 nos

910 4969 967 5020 vid
982 4967 1092 5019 vulturiis
1104 4977 1218 5034 quattuor
1232 4984 1286 5019 esce
1297 4985 1386 5020 sumus.

1177 5080 1236 5140 378.
1253 5095 1370 5128 εεοεειεεε.

878 5195 927 5246 Vix
940 5195 1045 5247 tolerare
1059 5210 1138 5261 queo,
1150 5195 1245 5261 gemine
1259 5195 1303 5245 sub
1315 5205 1382 5263 peste
1397 5195 1530 5248 isbonuts:

911 5279 1014 5348 Conjuge
1028 5279 1146 5347 pugnaci,
1164 5295 1270 5350 paupere
1282 5279 1455 5333 Grummntict.
