3860 5920
554 458 680 522 CAPUT
700 459 778 521 xvi.
804 457 998 518 APPENDIX
1020 455 1236 518 PLANUDEA.

400 598 463 649 370.
484 599 578 648 ΑΔΛΟ.

98 715 207 794 Ἐγγόθι
218 718 265 787 τῆς
278 714 405 796 σφετέρης
417 719 507 793 γενεῆς
520 713 602 793 λόχεν
618 713 705 773 εἰκόνα
719 712 798 784 τήνδε

138 803 234 884 ἔπρεπε
245 802 298 884 γδρ
312 805 425 880 τρισσοῖς
437 804 473 859 εῖν
487 801 522 859 {vi
539 807 625 881 χῶρον
641 802 721 883 ἔχειν,

98 887 125 948 οἳ
139 891 183 949 καλ
196 890 232 950 ἐνί
247 889 361 956 σταδίοις
377 892 472 969 ἀρετῆς
487 889 560 956 κλέος
575 891 674 949 εἴκελον
690 883 785 971 siper,

140 977 270 1057 νηρίθμων
288 977 423 1059 στεροίνοιν
435 976 515 1054 έσμδν
527 977 626 1046 ἑλόντες
635 977 701 1041 ἴσον.

402 1113 464 1164 371.
484 1115 579 1162 seno.

99 1225 158 1288 Τθν
170 1226 370 1299 Φαυστινιείδην
385 1228 461 1294 πόλις
476 1226 567 1285 ἄνθετο
583 1229 793 1305 ίίωνσταντῖνον,

141 1315 246 1392 γείτονα
261 1314 309 1392 μέν
322 1319 429 1391 γενεῆς,
444 1314 572 1391 κρέσσονα
587 1315 609 1373 δ’
622 1313 749 1394 ἡνιόχων.

98 1401 157 1475 bip
171 1402 223 1482 γὰρ
238 1403 380 1471 ἀεθλεόσας
395 1405 443 1461 οὐκ
457 1401 532 1482 ἤμόρ

142 1489 273 1566 παύσατο,
290 1491 336 1550 σὺν
350 1492 410 1572 νίκη
421 1489 467 1549 καὶ
479 1491 562 1569 πόρος
573 1489 724 1569 ἀρξόμενος,

100 1577 131 1636 δν
145 1579 190 1638 καί
205 1584 298 1659 κοῦρον
317 1577 395 1639 έόντα
408 1578 561 1655 παλαίτεροι
575 1582 713 1658 ἡνιοχῆες,

143 1668 299 1748 στεψάμενοι
311 1668 444 1740 σταδίοις,
460 1657 532 1725 εἷσαν
547 1667 722 1744 ἀγωνοθέτην.

405 1803 468 1856 372,
488 1804 583 1854 ΔΔΔΟ.

100 1919 153 1981 Σοὶ
166 1923 243 1995 τόδε,
259 1925 457 1995 Κωνστιιντῖνε,
474 1923 521 1996 τεὴ
534 1926 626 2006 τροφὸς
640 1924 731 1986 ὤπασε
746 1927 816 2000 Νίκη

143 2011 266 2070 παιδόθεν
281 2012 415 2089 ἑπομένη
430 2021 520 2072 πᾶσαν
534 2014 573 2094 ἐρ’
592 2013 706 2085 ἡλικίην.

102 2094 189 2155 Πέντε
202 2100 254 2178 γδιρ
268 2101 294 2157 ἐν
312 2098 426 2166 σταδίοις
439 2099 549 2166 δεκάδας
562 2099 671 2167 τελέσας
687 2103 823 2178 ἐνιαυτῶν,

146 2185 199 2245 οὐδ’
210 2187 278 2260 ίσυν,
295 2188 349 2246 οὐδ’
364 2187 452 2266 ὀλίγον
465 2186 538 2267 εὕρεο
552 2187 716 2264 λειπόμενον.

101 2279 174 2340 Ἀλλ’
190 2278 228 2337 έτι
242 2277 366 2356 κουρίζων
378 2299 407 2335 τε
421 2276 466 2336 καί
481 2275 574 2354 ἄχνοος
589 2275 684 2354 ἄνδρας
698 2276 805 2355 ἓνίκας,

146 2367 238 2441 ἥλικας
251 2365 370 2438 ἡόήσας,
381 2363 511 2444 γηραλέος
525 2364 551 2422 δέ
565 2363 645 2431 νέους.

409 2504 473 2555 373.
489 2505 587 2552 ΔΛΛΟ.

104 2636 207 2697 Ἠθελε
222 2632 422 2695 Κωνοταντῖνον
435 2631 477 2690 ἀεὶ
491 2631 583 2698 πτόλις
592 2632 748 2710 ἡνιοχιόειν·

148 2724 255 2796 ἤθελεν,
267 2718 337 2780 ἀλλὰ
346 2720 418 2800 πόθῳ
434 2721 482 2778 οὐκ
496 2721 617 2778 ἐπένευσε
630 2719 727 2785 Φύσις,

108 2811 207 2872 Ἔνθεν
223 2812 273 2868 ἑῶν
289 2807 342 2868 τόδ’
356 2808 466 2885 ἄγαλμα
481 2806 646 2886 παραίφασιν
661 2798 736 2886 εὗρεν
751 2810 866 2888 ἐρώτων,

149 2900 220 2979 όρρα
234 2898 247 2954 έ
263 2895 301 2973 μὴ
314 2894 382 2968 λήθη
396 2894 442 2954 καί
454 2893 546 2975 χρόνος
558 2894 722 2974 ἀμριόόλοι,

106 2987 177 3046 ἀλλὰ
193 2985 267 3064 μένοι
279 2983 417 3044 ποθέουσιν
433 2983 512 3061 ίρως,
524 2983 600 3053 ζῆλος
616 2983 638 3041 δ’
649 2984 787 3063 έλατῆρσι,

79 3099 85 3120 ·
147 3073 245 3151 κόσμος
260 3071 287 3131 δί
297 3070 425 3145 σταδίοις,
442 3070 591 3146 έσσομένοις
603 3071 630 3130 δὲ
643 3070 728 3151 quinve.

107 3160 167 3222 Ιίαί
178 3182 216 3226 τις
228 3156 290 3218 ἰδὼν
305 3155 446 3236 μετόπισθε
460 3157 596 3236 χερείονος
607 3161 734 3236 ἡνιοχῆας

148 3247 267 3310 θλόίσσει
279 3250 427 3326 προτέρην,
443 3243 461 3317 ἥ
476 3267 520 3320 μιν
532 3242 600 3317 ἴδεν,
612 3244 715 3322 γενεήν.

415 3380 476 3429 374.
498 3381 595 3428 snn0.

110 3510 199 3572 Πέντε
211 3507 256 3568 καλ
270 3505 352 3566 είκοσι
367 3511 460 3582 μοῦνος
475 3505 563 3564 ἀέθλια
575 3509 773 3575 Κωνσταντῖνος

109 3603 147 3666 είς
159 3597 222 3676 μίαν
234 3596 381 3677 ἠριγένειαν
394 3593 470 3665 ἑλὼν,
482 3593 579 3673 ἤμειψε
594 3592 641 3669 μέν
654 3593 751 3665 ίππους

108 3684 271 3749 ἀντιπάλοις·
285 3682 385 3746 κείνους
397 3681 424 3739 δὲ
436 3681 542 3754 latin,
555 3680 598 3747 οὓς
611 3683 723 3759 πρόσθεν
739 3685 830 3758 ίνίκα,

105 3776 165 3840 τοῖς
180 3775 267 3840 αὐτοῖς
280 3771 361 3830 πόλιν
373 3762 426 3830 εἷλε
440 3769 503 3845 μίαν
517 3793 545 3829 τε
561 3769 607 3830 καὶ
622 3773 704 3832 εἴκοσι
719 3773 803 3841 νίκας.

124 3892 324 3908 μ

402 3942 458 4000 370.
474 3943 509 3988 De
520 3937 612 3987 eodem.

109 4030 181 4076 lianc
189 4024 263 4074 bobes
272 4021 374 4088 effigiem
381 4023 449 4086 juxta
458 4021 505 4071 sibi
513 4021 628 4086 sanguine
635 4023 731 4087 junctos
737 4044 745 4087 ς

145 4113 227 4160 Unum
236 4122 341 4171 namque
352 4106 431 4154 locum
444 4121 488 4172 par
502 4113 555 4154 eret
565 4120 616 4154 esse
628 4107 704 4157 tribus
716 4121 724 4156 ι

110 4197 141 4242 Io
155 4191 225 4242 Cireo
239 4205 280 4239 sua
292 4203 351 4254 quos
365 4187 441 4239 virtus
455 4186 559 4249 equavit
570 4185 680 4250 bonore,

145 4277 275 4338 Sertaque,
286 4285 358 4319 nemo
371 4277 444 4335 quest
458 4278 518 4335 quot
530 4285 674 4327 numerare,
686 4269 752 4320 dedit

400 4355 458 4414 ὅτι.
472 4357 509 4402 De
521 4351 611 4403 eodem.

112 4437 220 4488 Faustini
229 4435 337 4486 sobolem
346 4451 402 4501 gens
410 4436 515 4484 Romula
526 4432 711 4485 Constantinum

146 4519 250 4585 Aurigas
260 4535 332 4585 supra
343 4518 412 4584 ponit
420 4519 531 4584 apudque
545 4534 611 4575 suos,

113 4603 223 4656 Certnvit
232 4601 291 4654 ielis
305 4603 361 4669 quie
372 4602 445 4667 longo
458 4610 570 4668 ternpore
583 4618 590 4654 ε
602 4601 681 4652 vietor

147 4688 275 4754 Coeperet,
289 4696 314 4736 et
327 4687 406 4736 vietor
416 4685 489 4734 desiit
497 4686 557 4734 ortis
565 4701 635 4752 opus.

24 4803 26 4806 -
112 4768 210 4834 Aurigae
221 4783 323 4835 puerum
338 4767 459 4832 quondum
474 4767 692 4824 cinxere-coronis,

147 4853 327 4918 censoremque
336 4850 383 4900 sibi
392 4849 540 4902 constituere
550 4865 628 4902 senes.

403 4938 461 4997 θρα.
478 4939 514 4984 De
527 4933 618 4986 eodem.

114 5019 282 5081 Constantine,
295 5019 340 5069 tibi
350 5017 470 5068 dedithoe
483 5019 593 5068 Victoria
605 5019 705 5079 unitrix,

148 5106 209 5165 Ques
224 5101 269 5151 tuit
282 5118 296 5151 a
310 5117 386 5167 puero
399 5109 493 5167 tempus
507 5101 531 5150 in
547 5116 618 5150 omne
631 5117 710 5149 eonres
724 5115 730 5148 :

114 5185 222 5239 Florenti
233 5185 310 5235 decies
322 5185 347 5234 in
360 5184 431 5237 Cireo
445 5183 551 5250 quinque
566 5199 610 5249 per
626 5200 701 5233 annos

149 5267 246 5319 Nullius
261 5267 341 5317 evenit
354 5277 419 5332 terga
433 5266 513 5316 videre
525 5265 579 5318 tibi.

1337 21 1399 68 ’,ι
1482 11 1560 70 θ’..

1644 451 1705 512 603

1224 607 1278 654 370.
1301 613 1410 656 sutus).

925 733 1004 796 Prope
1018 744 1089 781 suum
1103 732 1200 794 motem
1215 729 1366 780 sonitusesv
1378 723 1509 788 imaginem
1522 721 1629 772 benere:

957 817 1060 869 decebat
1068 818 1134 869 enirn
1147 821 1229 868 ternos
1242 817 1266 866 in
1278 829 1327 864 uno
1336 812 1415 863 strunt
1428 813 1511 862 loeum
1521 809 1622 867 habere,

927 905 1007 970 quiet
1020 903 1045 954 in
1054 903 1141 954 stadiis
1154 902 1254 954 virttuis
1266 901 1343 951 decus
1354 913 1398 964 pur
1406 899 1560 956 invenerunt,

959 991 1171 1042 innumerabilium
1183 1001 1328 1041 coronarum
1339 1001 1441 1038 eramen
1453 984 1536 1050 adepti
1551 997 1602 1048 par.

1224 1121 1278 1168 371.
1301 1129 1408 1170 ALlUD.

930 1257 1101 1310 Faustinisden
1112 1258 1173 1308 urbs
1183 1257 1263 1308 erexit
1273 1254 1473 1316 Constantinum,

962 1346 1069 1396 vicinum
1077 1345 1177 1409 quidem
1185 1343 1263 1408 gentis
1270 1357 1332 1406 sure,
1342 1343 1573 1408 praestarrtissimum
1581 1357 1641 1394 vero
1649 1343 1714 1396 nun·

930 1435 978 1486 Diu
992 1434 1056 1484 enim
1071 1433 1178 1484 luctatus
1192 1447 1240 1482 non
1254 1432 1413 1495 excidit,sed
1426 1432 1451 1482 in
1464 1432 1567 1484 victoris
1601 1432 1712 1496 [gonrm.
1777 1487 1783 1502 ¹

960 1521 1047 1581 desiit,
1060 1533 1117 1570 eum
1127 1519 1228 1570 victoria
1241 1523 1267 1570 et
1279 1520 1347 1583 prius
1362 1532 1480 1580 exorsus,

931 1621 1006 1674 quern
1019 1610 1045 1658 et
1055 1620 1133 1670 quum
1144 1619 1205 1670 puer
1214 1609 1269 1656 eret
1284 1607 1392 1657 seniores
1403 1607 1506 1670 aurigae,
1559 1606 1712 1672 [presidem.

961 1694 1218 1761 musmones-adepti
1237 1695 1261 1743 in
1280 1693 1374 1754 stadiis,
1385 1696 1519 1759 posuerunt
1537 1693 1711 1746 certaminum·

1232 1829 1285 1875 τεο.
1302 1812 1414 1878 neruo.

932 1956 986 2008 Tibi
995 1956 1056 2016 hoe,
1070 1956 1240 2017 Constantine,
1251 1959 1293 2006 tun
1303 1955 1383 2005 nutrix
1398 1943 1493 2018 ploravit
1506 1952 1627 2014 victorio,

963 2057 1067 2108 spuere
1078 2047 1161 2096 secute
1175 2057 1271 2094 omnem
1283 2057 1327 2107 per
1342 2045 1450 2093 totalem.

934 2130 1047 2193 Quinque
1058 2129 1123 2181 enim
1133 2128 1238 2178 decedas
1250 2128 1274 2177 in
1284 2127 1369 2177 stadiis
1379 2137 1493 2176 emensos
1503 2137 1630 2184 annorum,

965 2230 1045 2280 neque
1054 2231 1152 2281 perenn,
1163 2220 1189 2267 et
1199 2216 1307 2279 nepeulo
1315 2214 1416 2280 quidem
1426 2213 1568 2264 interiorem
1578 2211 1694 2262 invenisti
1707 2229 1714 2260 τ

934 2304 978 2354 sed
992 2304 1074 2354 adbuc
1086 2317 1195 2368 puerque
1205 2307 1231 2353 et
1242 2302 1355 2366 impuber
1367 2303 1434 2351 viros
1446 2299 1577 2363 vincebas,

965 2392 1073 2456 aequales
1087 2392 1201 2450 adultus,
1215 2391 1364 2456 grandaevus
1374 2393 1457 2440 autem
1468 2392 1580 2453 juvenes.

1235 2526 1289 2574 373.
1310 2534 1416 2575 solun.

937 2665 1040 2715 Volebat
1051 2666 1238 2716 Constantinum
1251 2667 1311 2715 urbs
1323 2678 1419 2728 semper
1433 2663 1553 2727 astrigeri,

968 2754 1078 2814 volebat,
1091 2753 1135 2804 οινί
1149 2757 1206 2805 voto
1218 2768 1264 2804 non
1276 2753 1361 2803 annuit
1370 2755 1469 2802 Notum.

937 2839 996 2889 inde
1010 2853 1113 2890 suorum
1123 2838 1171 2889 boe
1184 2841 1280 2902 signum
1294 2838 1507 2890 lenimen-invenit
1519 2851 1639 2898 amonrm,

969 2930 997 2976 ut
1007 2940 1063 2977 eum
1073 2939 1119 2977 neo
1132 2927 1250 2978 oblivium
1261 2941 1307 2978 nec
1321 2941 1402 2978 sevum
1413 2927 1563 2989 involveret,

938 3014 982 3064 sed
995 3018 1103 3065 maneret
1114 3005 1310 3066 desiderantibus
1320 3029 1397 3075 amor,
1411 3015 1570 3078 studiumque
1586 3026 1663 3077 equos
1673 3014 1722 3078 agt-

969 3105 1187 3164 omementumque
1198 3101 1297 3162 stodiis,
1315 3101 1468 3166 posterisque
1480 3116 1568 3152 sermo.
1583 3101 1721 3166 [tentibus

939 3191 969 3238 rt
981 3188 1102 3252 quispiam
1115 3189 1201 3240 ridens
1215 3189 1331 3254 deinceps
1344 3191 1440 3254 peiores
1460 3191 1558 3255 aurigas

970 3276 1143 3327 beatam-dicet
1156 3277 1277 3340 priorem,
1290 3292 1347 3342 quse
1362 3291 1419 3330 eum
1432 3278 1502 3339 vidit,
1518 3282 1627 3330 [etatem

1238 3416 1291 3463 eis.
1315 3424 1421 3468 Aulin.

940 3528 1052 3593 Quinque
1062 3534 1087 3581 et
1101 3532 1186 3596 viginti
1199 3533 1266 3584 solus
1280 3533 1366 3584 brevia
1379 3536 1556 3585 Constantinus

940 3615 965 3665 in
978 3630 1025 3666 una
1038 3631 1125 3668 aurora
1138 3620 1258 3684 adeptus,
1271 3623 1424 3687 permutavit
1433 3622 1534 3686 quidem
1543 3635 1621 3686 equos

941 3704 1169 3767 cum-adverseris
1184 3709 1233 3760 illis
1248 3713 1330 3761 autem
1343 3711 1458 3774 aeeeptis,
1472 3723 1538 3774 quos
1557 3711 1626 3774 prius
1639 3709 1720 3761 vinee·

939 3789 1026 3840 iisdem
1041 3805 1126 3844 rursus
1138 3795 1221 3845 retulit
1233 3809 1355 3859 unamque
1367 3799 1393 3846 et
1405 3795 1490 3860 viginti
1501 3797 1626 3846 victorias.
1662 3795 1725 3860 [bat,

961 3905 1602 3920 *ψ-
1609 3910 1640 3914 ---
1647 3900 1701 3914 -Ᾰ--·’
1715 3907 1721 3913 ¹

942 3953 1059 4003 imberbis
1073 3956 1124 4006 laus
1137 3973 1240 4023 namque
1255 3959 1317 4006 viros
1329 3967 1379 4018 tua,
1393 3957 1489 4024 puberis
1500 3957 1558 4006 olim

974 4038 1085 4102 Equeles
1093 4075 1101 4100 ,
1110 4039 1210 4103 juvenes
1223 4055 1374 4104 exsuperasse
1387 4039 1458 4089 senia.

1225 4138 1284 4198 373.
1304 4140 1340 4185 De
1351 4133 1443 4185 eodem.
1486 4145 1490 4152 “

943 4235 999 4283 Non
1014 4233 1070 4283 sivit
1080 4237 1172 4285 Natura
1181 4244 1280 4301 potens,
1293 4235 1357 4301 qood
1370 4239 1448 4284 Rome
1462 4233 1572 4294 volebnt,

976 4317 1145 4374 Constantine,
1157 4325 1210 4368 tuos
1222 4333 1321 4368 eernere
1337 4333 1432 4383 semper
1443 4331 1525 4382 equos.

942 4402 1024 4463 Quare
1035 4398 1097 4450 bane
1108 4400 1209 4466 effigiem
1219 4401 1303 4452 solatia
1315 4401 1372 4452 tecit
1385 4402 1476 4465 emori,

976 4485 1047 4532 Foeta
1060 4491 1123 4548 tegat
1134 4483 1228 4534 nebulis
1241 4501 1272 4534 ue
1284 4495 1325 4534 tua
1339 4486 1409 4549 longa
1419 4484 1481 4534 dies.

918 4523 922 4618 i
944 4563 1038 4629 Aurigis
1051 4575 1164 4616 monenn
1177 4566 1254 4617 studia
1268 4567 1361 4626 aemuls,
1376 4565 1451 4632 glorie
1463 4565 1547 4626 Circo,

918 4621 922 4756 ἶ
976 4647 1048 4697 Fidus
1057 4663 1126 4696 amor
1140 4649 1244 4716 populo,
1259 4649 1367 4713 fameque
1380 4647 1534 4715 postgenitis3

944 4733 978 4780 Ut
987 4729 1048 4780 nihil
1061 4731 1086 4779 in
1098 4732 1168 4782 Gireo
1183 4731 1256 4782 visuri
1267 4734 1316 4782 tale
1327 4741 1428 4798 nepotes

978 4813 1136 4864 Exclsment:
1155 4820 1220 4864 AEtas
1229 4815 1270 4864 ills
1285 4815 1354 4864 beata
1367 4813 1421 4864 luit.

1230 4917 1288 4976 374.
1307 4919 1343 4962 De
1357 4911 1448 4964 eodem.

946 5017 1007 5065 Cum
1019 5015 1176 5065 Constantino
1188 5015 1270 5080 viginti
1283 5026 1307 5065 et
1321 5016 1427 5081 quinque
1439 5015 1542 5064 dedisset

947 5096 1040 5147 Pelmas
1051 5114 1098 5148 une
1111 5098 1178 5159 dies,
1190 5098 1231 5147 δἐι
1242 5114 1316 5164 equos
1328 5096 1475 5146 certantibus
1488 5095 1523 5148 mi

922 5211 927 5291 γ
947 5183 1001 5245 Ιρεε
1014 5196 1068 5229 ευοε
1078 5216 1086 5243 ,
1097 5179 1218 5244 sumitque
1230 5179 1276 5228 sibi
1289 5195 1349 5245 quos
1358 5181 1448 5227 vireret
1460 5187 1530 5238 ante,

946 5263 1033 5331 Bisque
1045 5264 1126 5314 decem
1139 5263 1229 5331 palmas
1240 5262 1328 5314 iterum
1341 5263 1398 5314 tulit
1410 5272 1434 5312 et
1447 5277 1520 5328 super
1531 5275 1613 5310 onom.
