3774 5914
220 417 278 478 ίθθ
479 427 480 430 ’
777 425 1033 493 ANTHOLOGIAE
1056 434 1258 499 PALATINAE

258 550 329 623 Νίκη
341 551 391 632 γάρ
405 576 435 612 σε
449 558 538 634 φυγεῖν
553 554 664 635 ἄπτερος
674 559 703 617 οὐ
719 557 838 623 δύναται.

338 705 406 755 648.
430 698 682 759 ΜλίίίίΔΟΝίΟΥ
709 702 877 764 λ’ίῙΑΤΟΥ.

469 817 511 871 Etr
524 815 590 876 uuus
606 819 629 866 ίν
645 819 744 885 Κιθθρφ.

217 931 303 1001 ’λστθς
316 933 374 1009 ἐμοὶ
388 936 432 992 καὶ
449 934 531 1003 ξεῖνος
543 935 584 996 ἀεί
598 936 683 1017 φίλος·
698 941 727 998 οὔ
738 941 789 1020 γάρ
804 945 909 1022 ἐφευνᾷν

256 1022 310 1093 τίς,
327 1021 404 1080 πόθεν
414 1070 422 1096 ,
432 1022 462 1094 ἠὲ
477 1023 572 1100 τίνειν,
588 1026 644 1084 ἐστὶ
664 1027 818 1107 φιλοξενίης.

475 1179 536 1230 649.
556 1181 615 1226 ΤΟΥ
634 1182 741 1228 ΑΥΤΟΥ.

525 1282 565 1336 Εἰς
578 1281 606 1330 τὸ
620 1281 686 1330 αὐτό.

214 1398 331 1472 Εὐσεόίη
346 1399 376 1460 τό
391 1401 520 1481 μέλαθρον
537 1402 589 1462 ἀπό
608 1401 723 1483 πριίιτοιο
737 1403 857 1481 θεμείλου

255 1489 316 1568 οίχρι
330 1487 376 1547 καί
391 1490 506 1571 ὑψηλοὺς
519 1489 617 1570 ἤγαγεν
633 1493 669 1558 είς
687 1491 804 1570 ὀρόφους.

213 1579 254 1637 (λύ
267 1576 319 1653 γθρ
334 1576 380 1637 ἀπ’
395 1577 540 1658 ἀλλοτρίων
554 1581 670 1639 κτεάνων
685 1575 804 1660 ληΐστορι
823 1583 917 1662 χαλκῷ

252 1664 331 1724 όλόον
346 1664 474 1734 άολλίζων
486 1665 559 1734 τεῦξε
574 1665 756 1736 Μακηδόνιος·

214 1749 271 1809 οὐδὲ
288 1749 446 1830 λιπερνήτης
460 1757 541 1833 κενεῷ
555 1754 601 1813 καὶ
615 1753 720 1831 άκερδέί
737 1751 829 1831 μόχθῳ

254 1841 373 1917 κλαῦσε,
388 1841 556 1904 δικαιοτάτου
571 1848 666 1919 μισθοῦ
680 1842 869 1920 ἀτεμόόμενος,

212 1927 263 1994 Ὠς
277 1929 304 1986 δέ
318 1927 404 1988 πόνων
419 1929 555 2008 ἄμπαυμα
570 1932 732 2011 φυλάσσεται
747 1930 822 2009 ἀνδρὶ
839 1931 944 2012 δικαίῳ,

252 2009 302 2078 ὧδε
317 2016 363 2077 καί
378 2018 507 2098 εθσεόέων
525 2019 589 2099 ἔργα
605 2021 678 2097 μένοι
691 2019 823 2098 μερόπων.

453 2185 522 2235 650.
545 2175 754 2234 ΛΕΟΝΤΙΟΥ.

1023 582 1028 660 ρ
1078 576 1261 630 Victoriaeuim
1276 583 1301 632 ta
1315 581 1408 648 fugere,
1424 585 1516 649 utpote
1529 585 1681 647 houd-ninia
1699 591 1780 653 noquit

1225 721 1279 770 θθθ.
1297 722 1473 775 ntacEDotttl
1490 726 1648 776 CONSULIS.

1311 837 1338 879 ln
1352 833 1448 881 domum
1465 837 1561 892 cinyra.

1045 950 1112 1001 Ciris
1124 952 1183 1002 mihi
1195 956 1222 1003 et
1232 954 1327 1006 advena
1338 970 1418 1022 usque
1435 973 1508 1010 carus
1526 979 1532 1010 :
1546 976 1595 1013 non
1607 965 1673 1014 enim
1683 965 1805 1032 investigor

1075 1040 1145 1104 quis,
1161 1040 1239 1104 unde,
1254 1047 1297 1094 aut
1309 1057 1414 1107 quorum
1423 1049 1485 1110 sint,
1498 1053 1538 1101 est
1550 1049 1732 1117 hospitalitatis.

1308 1203 1379 1265 ‚ote
1402 1211 1552 1258 Biitsniilt.

1384 1305 1409 1346 iu
1419 1304 1487 1348 idern.

1044 1413 1125 1464 Pietas
1141 1414 1220 1465 redum
1235 1429 1249 1466 a
1263 1417 1342 1479 primo
1360 1420 1520 1471 fundamento

1074 1515 1153 1566 usque
1168 1504 1243 1554 etiam
1257 1505 1371 1556 sublimia
1382 1507 1453 1558 duxit
1466 1510 1497 1558 ad
1512 1510 1626 1560 culmina.

1042 1592 1095 1640 Non
1110 1591 1175 1642 enirn
1191 1593 1223 1643 ab
1238 1594 1323 1644 ottenis
1336 1595 1405 1645 bonis
1422 1595 1589 1660 depraedatore
1605 1601 1669 1649 terro

1073 1679 1170 1731 diritius
1182 1695 1328 1733 coacervans
1339 1684 1435 1746 pararit
1449 1685 1609 1737 ttaeedonius
1624 1710 1630 1736 ·.

1041 1781 1121 1831 neque
1135 1782 1227 1833 egenus
1240 1771 1305 1820 inani
1320 1776 1346 1822 et
1358 1771 1521 1823 tucri-nultius
1533 1774 1611 1826 labori

1073 1859 1239 1922 illacrimarit,
1253 1861 1391 1924 justissima
1406 1865 1520 1915 meroede
1532 1865 1703 1918 defraudatus.

1042 1949 1075 1998 ut
1086 1951 1170 1999 autem
1184 1948 1297 2000 laborum
1308 1951 1406 2014 requies
1420 1956 1533 2003 servatur
1547 1953 1600 2003 riro
1609 1955 1694 2017 justo,

1072 2035 1107 2087 itu
1120 2040 1146 2088 et
1156 2038 1254 2102 piorum
1268 2052 1342 2103 opera
1357 2044 1472 2091 maneant
1485 2042 1622 2092 hominurn.

1328 2199 1383 2244 650.
1400 2195 1537 2244 LEONTII.

212 2289 253 2342 dtr
273 2287 339 2336 οἷκον
353 2287 460 2350 κείμενον
474 2289 547 2350 μέσον
565 2293 607 2336 τοῦ
627 2287 759 2343 Ζευξίππον
773 2287 813 2334 καὶ
828 2290 871 2334 τοῦ
885 2287 994 2334 ἱππικοῦ.
1018 2295 1021 2364 ρ
1042 2296 1068 2339 lu
1080 2294 1173 2340 domurn
1190 2296 1257 2339 utram
1267 2294 1363 2340 urentem
1373 2296 1434 2341 tuter
1447 2296 1585 2354 zeuxippum
1599 2299 1622 2341 et
1635 2297 1804 2355 hippodromus..

211 2413 258 2474 Ἔν
273 2413 322 2490 μέν
336 2420 370 2494 τῇ
386 2414 533 2484 Ζεύξιππον
549 2413 603 2493 ἔχω
615 2413 712 2484 πέλοις,
726 2412 776 2484 ἡδὺ
794 2410 914 2490 λοετρόν·

252 2507 282 2564 ἐκ
296 2505 319 2562 δ’
336 2503 428 2584 έτέρης
443 2501 532 2562 ἵππων
546 2507 632 2582 χῶρον
646 2501 821 2580 ἀεθλοφόρυιν.

209 2593 278 2661 Tute
292 2597 326 2674 ῥα
341 2592 513 2669 θεησάμενος,
527 2591 573 2648 καί
584 2591 646 2668 τῷδ’
662 2588 700 2648 ἔνι
716 2593 808 2668 χρῶτα
827 2585 936 2650 λοέσσας

251 2683 328 2761 δεῦρο
346 2680 391 2739 καί
410 2681 561 2756 ἄμπνευσον
577 2680 646 2738 δαιτί
661 2677 724 2758 παρ’
737 2673 866 2754 ἡμετέρη

211 2770 256 2830 ιιαί
270 2791 300 2829 κε
314 2769 395 2828 πάλιν
407 2767 523 2836 σταδίοις
534 2768 596 2826 ποτὶ
609 2768 709 2825 δείελον
724 2763 800 2844 ὥριος
814 2765 913 2839 ἔλθοις,

250 2855 356 2936 ἐγγύθεν
368 2853 444 2936 ίγγθς
456 2853 502 2914 ίδον
516 2854 629 2934 γείτονος
641 2857 671 2914 ἐκ
684 2853 813 2929 θαλάμου.

323 3007 391 3059 651.
415 2997 573 3056 ΠΑΥΛΟΥ
596 2994 882 3086 Etntlrtt'tnl‘tot.

396 3112 435 3169 Είς
450 3113 517 3161 οίνιον
530 3113 620 3173 unitio
633 3111 657 3160 ἐν
674 3110 805 3168 Βυζαντίῳ.

209 3237 355 3318 Τρισσόθεν
371 3235 480 3315 είσορόω
494 3237 660 3318 πολυτερπέα
674 3239 746 3294 νῶτα
761 3229 912 3304 θαλάσσης,

250 3327 378 3386 πάντοθεν
390 3325 499 3404 ἠματίῳ
512 3324 605 3404 φέγγεῑ
620 3323 793 3403 βαλλόμενος·

209 3417 245 3482 είς
258 3413 304 3488 ἐμὲ
316 3413 367 3492 γὰρ
381 3413 561 3493 κροκόπεπλος
575 3410 637 3470 όταν
652 3411 833 3492 περικίδναται
848 3405 931 3480 Ἠὼς,

249 3502 415 3583 τερπομένη,
431 3502 547 3580 στείχειν
568 3498 632 3580 πρθς
646 3499 718 3558 δόσιν
736 3499 782 3556 οθιι
802 3494 893 3554 έθελει.

242 3848 333 3903 ltoma,
344 3851 390 3890 tuae
401 3857 495 3907 semper
504 3840 580 3890 laudis
589 3839 612 3888 iu
624 3856 693 3888 ornen
705 3840 759 3887 erit.

427 4009 483 4065 648.
501 4023 640 4056 ιιισιιουιιιι
656 4023 774 4056 cossunre.

474 4126 503 4169 In
513 4119 608 4170 domum
621 4119 724 4187 Cibyrae.

207 4287 299 4349 Hospes
310 4291 337 4332 ut
346 4290 371 4331 et
380 4279 438 4331 ciris
447 4289 527 4346 gratus
535 4279 609 4342 mihi3
622 4296 729 4345 quaerere
739 4281 831 4346 qunlis,

242 4366 327 4428 Unde,
337 4363 391 4431 quis
402 4380 443 4428 ea,
454 4363 530 4431 pietas
542 4363 648 4414 officiosa
660 4375 732 4416 vetut.

500 4510 560 4572 6129.
581 4524 700 4557 arusnrar.

487 4627 526 4672 Da
536 4620 618 4671 endem
630 4619 710 4672 domo.

206 4759 228 4806 A
243 4755 397 4806 tuudamenro
405 4751 464 4802 laris
473 4749 504 4800 ad
515 4749 613 4814 uestigia
624 4764 715 4798 summu

240 4843 309 4889 Hanc
322 4839 399 4904 pietus
413 4835 473 4886 eoeio
487 4833 544 4884 fecit
557 4832 633 4883 amica
646 4833 752 4882 domum.

209 4925 270 4972 Narn
284 4937 334 4970 nou
345 4919 444 4970 atterius
454 4915 556 4984 pervim
566 4931 591 4964 se
602 4915 673 4966 rebus
682 4915 790 4981 opimone

240 5009 296 5053 Haeo
304 5001 351 5052 sibi
360 4997 494 5052 construxit
503 5005 566 5048 tecta
574 4997 738 5048 Macedonius.

206 5089 258 5138 Nee
268 5083 342 5135 miser
352 5093 377 5134 et
387 5082 465 5134 sterili
475 5089 551 5130 σοιιιοῑ
563 5080 649 5131 sudore
663 5080 761 5145 fatigans

239 5167 360 5218 AErumnis
369 5165 473 5233 pretium
485 5161 553 5213 fleuit
567 5162 648 5212 abesse
662 5164 719 5213 suis.

207 5253 240 5302 Δί
252 5251 313 5302 sient
322 5249 391 5318 justis
403 5249 497 5316 requies
513 5247 627 5313 promisse
642 5246 751 5296 laborum
764 5257 815 5307 est,

1040 2429 1093 2477 Hau
1108 2426 1208 2490 quidem
1227 2429 1296 2491 parte
1311 2428 1462 2492 Zeuxippum
1480 2429 1559 2480 liabeo
1572 2428 1656 2492 Juxta,
1671 2430 1741 2480 dulce
1754 2431 1806 2480 lara·

1071 2515 1113 2565 itta
1124 2528 1184 2566 vero
1200 2529 1319 2579 equorum
1331 2515 1413 2566 lourun
1426 2515 1614 2568 decertantium.
1693 2497 1698 2505 ⁵
1724 2519 1806 2583 [eruor.

1040 2607 1091 2652 iios
1101 2603 1174 2668 igitur
1180 2602 1353 2668 ubi-spectasti
1362 2607 1388 2655 et
1397 2605 1422 2654 in
1431 2605 1473 2655 illo
1482 2609 1566 2656 eutem
1575 2605 1666 2666 lavisti,

1071 2691 1191 2742 hunveri
1203 2693 1229 2743 et
1246 2692 1340 2757 respira
1351 2706 1461 2744 mensam
1474 2693 1506 2744 ud
1519 2697 1638 2745 nonnam.

1040 2785 1065 2832 ot
1076 2793 1161 2832 nuens
1174 2779 1300 2831 ad-stodiu
1313 2793 1416 2845 vespere
1431 2783 1594 2846 tempestiuus
1607 2795 1667 2843 eas,

1070 2883 1084 2920 e
1098 2869 1234 2934 propinquo
1244 2883 1320 2935 prope
1331 2869 1451 2922 accedens
1463 2870 1542 2921 ricino
1554 2883 1568 2920 ο
1582 2870 1699 2920 thalamo.

1241 3013 1297 3060 ost.
1314 3010 1408 3058 PAULI
1423 3009 1619 3058 SILENTIARil.

1266 3116 1294 3159 tn
1302 3113 1397 3159 domurn
1406 3114 1473 3158 atrurn
1484 3113 1597 3170 Byzantii.

1041 3247 1272 3311 &trihus-partibus
1284 3247 1380 3298 intueor
1391 3246 1576 3297 ratde-amoena
1590 3246 1664 3297 dorsa
1672 3249 1755 3306 meria,

1070 3332 1179 3397 undique
1194 3332 1282 3384 diurna
1294 3334 1350 3383 lune
1361 3333 1452 3397 petita:
1696 3335 1805 3399 [aurore

1038 3425 1062 3473 in
1082 3437 1122 3474 rue
1139 3423 1205 3474 enirn
1222 3423 1499 3487 cuneo-restitu-pepto
1512 3439 1589 3487 quum
1608 3423 1805 3488 circumspargitur

1069 3511 1202 3571 detortata,
1212 3509 1312 3559 tendere
1324 3509 1355 3559 ad
1370 3523 1485 3560 οεοεοιιιιι
1497 3525 1545 3562 non
1559 3511 1622 3562 ruit.

1073 3831 1192 3892 Perpetuo
1206 3832 1301 3906 mepeat
1310 3823 1344 3872 sic
1356 3823 1470 3873 bonitatis
1480 3840 1548 3890 opus.

1337 3972 1395 4023 θέο.
1414 3987 1524 4021 οιοατιι.

1179 4105 1216 4150 De
1227 4098 1298 4150 domo
1309 4100 1372 4148 inter
1384 4099 1532 4169 Zeuxippum
1543 4107 1565 4146 et
1576 4098 1679 4150 Circum.
1720 4123 1722 4128 ν

1037 4237 1090 4282 flua
1104 4249 1118 4282 ο
1132 4241 1201 4299 parte
1213 4231 1273 4282 mihi
1283 4233 1432 4298 Zeuxippus,
1442 4233 1513 4282 dulce
1520 4233 1659 4283 lavacrum:

1071 4317 1176 4366 Cernere
1185 4324 1304 4364 certantes
1313 4315 1353 4364 dat
1363 4315 1424 4364 latus
1436 4313 1497 4364 ittud
1506 4330 1589 4398 equos..

1036 4401 1089 4447 Hor
1099 4396 1141 4447 ubi
1150 4395 1279 4464 aperturis,
1292 4396 1351 4446 etin
1362 4396 1405 4446 ilio
1414 4396 1500 4446 laveris
1508 4407 1588 4456 artus,

1071 4478 1174 4544 Κωμίαν
1184 4486 1210 4527 et
1220 4486 1303 4527 nostro
1314 4477 1359 4528 sub
1368 4476 1419 4528 lare
1427 4493 1495 4527 sume
1504 4477 1586 4544 dapes.

1036 4562 1073 4611 sd
1082 4561 1185 4612 stadium
1198 4561 1295 4612 accedes
1304 4561 1392 4626 justam
1403 4559 1448 4610 sub
1462 4561 1576 4626 temporis
1587 4559 1688 4621 horam,

1069 4648 1123 4708 Qun
1135 4644 1213 4694 vicina
1226 4644 1270 4694 tibi
1282 4647 1350 4693 Mora
1360 4643 1434 4694 breue
1447 4653 1564 4694 monstrat
1578 4645 1634 4694 iter.

1262 4770 1321 4818 651.
1341 4785 1415 4818 raons
1433 4785 1594 4820 ειιειιτιιιιιι.

1247 4875 1283 4919 De
1295 4869 1365 4919 donin
1376 4869 1426 4918 ulto
1439 4869 1464 4919 in
1479 4874 1607 4938 Byzorrtr'n.

1035 5007 1054 5052 E
1068 5004 1144 5053 tribus
1155 5003 1244 5070 ospicio
1257 5003 1359 5054 vicinum
1374 5005 1483 5071 partibus
1494 5021 1585 5070 sequor,

1067 5087 1156 5150 Meque
1168 5084 1224 5135 ferit
1236 5086 1309 5135 radiis
1320 5087 1427 5153 undique
1438 5088 1503 5137 clara
1514 5089 1565 5136 dies
1578 5103 1585 5137 ε

1033 5170 1095 5217 Num
1107 5166 1163 5233 quia
1175 5183 1214 5217 me
1226 5168 1286 5218 vidit
1300 5169 1374 5219 roseis
1385 5186 1472 5219 aurora
1482 5170 1618 5236 quadrigis,

1068 5255 1160 5313 iteret,
1172 5253 1202 5302 ad
1216 5253 1325 5304 occiduas
1337 5269 1382 5304 nac
1393 5253 1460 5321 cupit
1472 5253 1506 5304 ire
1521 5255 1608 5320 pingas.
