3780 5920
191 429 195 440 '
245 437 304 497 498

242 571 343 621 Lemma
354 567 379 618 iu
391 567 475 619 codice
489 571 549 618 3058
566 587 572 614 ι
585 567 660 617 Μίδου
673 567 782 630 aturrus,
797 569 828 625 ὡς
845 586 901 632 ρησι
912 571 1022 634 Παμφίλη

243 643 266 688 ἐν
278 646 326 696 τοῖς
338 641 501 703 ὑπομνήμασι.
515 637 588 688 ldidae
598 651 688 688 nomen
701 638 821 688 absonum
839 642 885 690 etti.
901 639 1026 703 Originum

242 710 330 760 hahuit
338 710 431 760 inmale
442 707 624 759 intellectoloco
634 709 748 773 Diogenis
758 711 784 771 1,
794 715 833 761 90.
845 713 896 759 νΒ.
907 715 955 759 —t
969 713 1026 759 tour

243 782 306 831 νσίδ.
318 781 391 843 θοὰ,
403 781 428 830 δὲ
439 781 547 831 tucidum
557 778 627 844 Diog.
643 781 700 830 anto
713 778 833 830 Cohetum
853 782 879 830 et
898 779 1025 838 Stobaus;

243 854 268 901 δέ
281 854 301 900 θ’
313 851 411 908 induem
423 850 496 911 cod,
512 847 709 912 trinumeri,
722 851 796 898 otiam
807 849 865 904 cod.
876 849 1027 900 Boissouadii

243 921 295 986 (qui
318 922 414 972 confert
434 935 474 986 ep.
498 924 538 982 tri,
566 922 597 980 1),
619 918 766 984 quibuscum
791 919 933 972 delevimus·
952 922 980 972 θ’.
997 953 1026 963 -
1048 950 1050 961 .

245 993 353 1049 2πσῑδες
374 993 426 1042 ἐσσι
446 991 561 1055 τριήκοντ’
585 990 670 1054 ἀνδιχα
690 989 758 1054 Diog.
781 995 837 1042 aule
858 993 961 1054 Cobet„
983 993 1027 1056 qui
1048 984 1050 1049 i

243 1065 323 1118 παῖδες
343 1065 376 1118 δίς
393 1063 517 1125 τριάκοντα
542 1061 661 1124 διάνδιχα.
680 1075 695 1110 e
713 1063 863 1112 correctione
887 1063 1026 1126 hlarquardi
1048 1114 1049 1123 q

244 1131 319 1184 Gudli
331 1133 483 1194 necessaria,
494 1147 524 1183 an
537 1145 568 1183 ex
580 1131 694 1181 codicum
703 1132 811 1196 vestigiis
821 1133 969 1197 ignoramus.
980 1139 1025 1197 Ap.
1048 1148 1050 1175 ι

243 1203 310 1254 stob.
331 1208 413 1266 κοῦραι
433 1204 553 1261 ἐξήκοντα,
565 1207 618 1253 -3
637 1203 651 1266 d
668 1206 710 1266 patu
772 1203 787 1266 ἡ
802 1206 826 1253 δὲ
840 1205 955 1268 Diogenis
969 1205 1025 1254 edd.

244 1276 358 1340 rudgatcu.

275 1419 327 1469 cll.
349 1437 361 1460 ν
383 1417 516 1466 oraculum
533 1416 564 1465 ad
584 1420 718 1467 Homerum
732 1416 900 1479 referendum,
912 1421 943 1471 de
957 1421 1027 1481 cujus

245 1490 323 1553 patria
336 1495 362 1541 et
372 1487 515 1553 parentibus
530 1489 668 1540 Hadrianus
683 1490 795 1552 Pythium
816 1491 967 1541 consuluisse
981 1491 1027 1540 sin·

244 1561 317 1624 gitur.
326 1581 339 1604 ν
347 1563 404 1610 Jac.
416 1561 461 1610 Vel
470 1573 527 1610 rere
537 1561 673 1623 consulult3
684 1561 740 1611 ride
750 1561 878 1612 Wolllium
889 1565 926 1612 De
936 1563 1026 1621 noviss.

244 1646 280 1682 or.
295 1635 369 1682 atate
383 1644 407 1695 p.
421 1638 434 1682 5
449 1643 502 1694 seq.
516 1655 545 1667 ·-
561 1639 581 1680 1.
595 1651 607 1675 ι
621 1631 752 1694 Ἄγνοισιον
764 1635 863 1683 nonest
876 1631 952 1682 nitide
966 1633 1026 1682 scri-
1048 1634 1050 1680 ἱ

244 1705 322 1765 ρῑιιιιι.
337 1703 364 1752 si
376 1701 548 1764 scriptumest
561 1701 669 1762 sincera,
681 1701 706 1752 id
725 1702 831 1765 ceperim
849 1715 894 1765 pro
911 1705 938 1750 τι
949 1703 1025 1761 ἄγνον·
1048 1757 1050 1760 ,

244 1790 312 1826 oros·
335 1780 403 1840 ἐρίοις
418 1789 447 1837 με
461 1775 488 1821 τὸ
507 1777 548 1831 τῆς
569 1777 649 1832 perede
671 1769 801 1828 ἄγνωστον,
822 1775 876 1821 lam
895 1773 977 1822 monui
996 1771 1029 1824 ad

244 1844 399 1901 Zachariam,
413 1839 455 1893 uhi
471 1840 640 1905 metaphoram
652 1841 764 1890 Sirenum
774 1841 860 1890 multis
868 1845 956 1892 tracto.
969 1862 981 1886 ν
996 1847 1025 1892 ll.
1048 1847 1050 1901 ξ

244 1915 284 1964 sic
303 1913 379 1964 etiam
398 1911 523 1962 Wollhus.
539 1914 591 1962 iac.
610 1910 721 1962 tentabat
731 1911 870 1973 ἀγνώστου,
886 1913 918 1962 de
935 1915 1027 1976 ippota
1048 1930 1050 1978 3

244 1989 356 2050 criptae,
367 1983 425 2034 coll.
437 1985 509 2032 llum.
518 1982 565 2032 Od.
576 1987 607 2042 A,
620 1986 673 2033 174.
683 2010 714 2023 -
724 1989 747 2032 2.
759 1983 911 2046 Ἇμῦροσίου,
921 1997 969 2033 non
981 1984 1026 2037 dn-

244 2058 353 2120 θροσίας,
370 2068 427 2105 nam
439 2057 563 2104 Homerus
576 2053 727 2117 intelligitur.
740 2053 833 2104 Deinde
847 2072 880 2110 τις
893 2054 1027 2105 conceden-

244 2129 303 2178 dum
316 2141 371 2178 esse
384 2127 441 2177 stilo
453 2125 610 2176 oraculorum
621 2129 689 2175 recte
701 2125 817 2176 observat
829 2129 882 2177 tac.
892 2153 923 2163 -
935 2133 949 2176 l
959 2127 1028 2175 ἄλλον

245 2199 317 2260 θοὰ,
338 2212 402 2249 corr.
423 2200 476 2247 lac.
493 2217 504 2240 ι
525 2196 604 2260 Vulgo
621 2197 681 2245 πολὺ
695 2196 824 2260 πάνσοφον.
837 2199 874 2246 Ex
890 2196 1028 2261 apographo

231 2271 321 2336 „Puris
333 2269 410 2320 sumsi
418 2267 583 2332 compositum
598 2269 791 2328 πολοιιιίνσορσν,
802 2267 926 2332 quodiam
942 2272 1028 2318 uotum

246 2343 283 2391 est
294 2353 325 2390 ex
338 2342 409 2388 Orac.
424 2336 509 2400 Sibyll.
526 2337 558 2395 ΙΙ,
575 2341 596 2384 t.
610 2337 665 2384 νΒ.
680 2337 715 2384 lla
728 2333 818 2385 Codex.

1048 1538 1050 1547 ν

278 2491 344 2538 Clll.
359 2491 461 2538 uenum
478 2504 484 2533 :
499 2485 584 2542 ἄδηλον
600 2486 631 2540 εἰς
647 2485 757 2546 crepida.
774 2504 786 2527 ιι
807 2489 897 2547 apogr.
920 2485 973 2534 Par.
996 2487 1028 2540 εἰς
1048 2489 1050 2497 “

246 2559 367 2620 σισριλήν.
384 2556 467 2606 Edidit
480 2558 505 2604 et
517 2555 602 2619 galilee
614 2555 735 2605 convertit
753 2554 851 2604 Chardo
870 2555 944 2606 lioch.
957 2555 1018 2604 hlisc
1048 2617 1049 2621 Ἰ

246 2635 264 2679 t.
281 2633 299 2686 l,
313 2641 336 2690 p.
351 2626 565 2688 conquiescam
581 2625 651 2688 primi
661 2625 883 2689 versuspaululum
894 2626 1027 2677 aberrauit.

245 2697 364 2749 verterim
379 2701 424 2747 :St
434 2709 476 2747 ιιιο
488 2696 664 2757 juvenculam
684 2700 808 2759 cepisses,
825 2695 920 2761 forsan
940 2711 1026 2748 areum

246 2771 347 2820 hthhses
359 2767 477 2832 essuriem
488 2769 651 2830 sanquinem.
666 2787 679 2812 ν
691 2771 735 2826 Β,
747 2768 791 2830 qui
800 2769 884 2828 ἄδηλον
894 2767 1025 2832 inscripsit,
1048 2777 1049 2780 ’

245 2841 410 2901 iacuitque.
420 2866 449 2876 —
456 2845 469 2889 2
477 2840 590 2895 ἐξετέλεσε
600 2837 661 2887 cod.
669 2843 719 2887 -3
730 2839 841 2904 ῥύσαινάν
852 2857 880 2902 με
890 2843 940 2904 hyp.
952 2840 1025 2900 θοὰ,

246 2927 309 2962 corr.
322 2910 427 2960 Chardo.
439 2937 469 2947 -
481 2914 504 2960 l.
521 2910 621 2970 Ὀστέιι,
632 2911 745 2960 nucleos.

279 3055 341 3102 clv.
357 3079 386 3092 -
396 3071 408 3094 a
423 3053 488 3102 uene
501 3051 622 3113 iudicavit
634 3052 773 3103 lluschhlus
788 3054 856 3104 hnal.
870 3069 894 3117 p.
910 3060 964 3116 305,
980 3069 1027 3106 non

246 3136 300 3173 esse
313 3123 432 3186 aenigma,
446 3121 491 3171 sed
504 3135 570 3171 verm
584 3124 617 3172 rei
632 3122 833 3186 descriptionem,
847 3126 873 3174 in
893 3127 1028 3190 arraglypho

247 3196 285 3246 rol
300 3208 396 3258 gemma
408 3195 504 3256 sculpta
517 3196 707 3257 repraesentatas.
721 3213 733 3236 ι
746 3197 779 3243 B.
986 3220 988 3224 ·

278 3338 329 3386 cv⁸
347 3355 359 3377 ι
374 3331 457 3382 Edidit
470 3335 495 3381 et
508 3331 582 3382 uertit
598 3331 696 3382 Clrardo
707 3334 783 3382 lloch.
795 3333 862 3383 hlisc.
873 3338 892 3384 t.
904 3339 924 3395 l.
937 3351 962 3400 p.
973 3343 1026 3388 253.

248 3411 316 3456 Nunc
328 3408 366 3454 ost
378 3403 538 3453 emendatius.
552 3403 653 3451 Nomina
667 3403 771 3464 qurusltu
784 3408 842 3453 sunt
854 3411 924 3462 ποῦς,
938 3407 990 3464 σῦς,
1003 3409 1028 3463 ος

247 3481 272 3526 ei
291 3476 378 3525 cili-as
395 3474 432 3522 vel
454 3479 508 3522 200.
523 3493 535 3516 ν
552 3475 581 3520 Β.
592 3478 646 3521 -1
667 3474 733 3530 ζώων
752 3477 815 3532 γένος
837 3476 908 3535 θοὰ,
923 3479 1029 3528 correxit

247 3545 376 3595 Jacobppus
395 3563 407 3585 ι
426 3543 523 3606 lapsum
541 3541 633 3591 librarii
652 3544 695 3604 qul
707 3547 771 3602 γένος
789 3559 854 3605 saepe
870 3547 962 3610 legerat
973 3555 1029 3611 post

249 3620 349 3672 ζώωνν.
368 3640 394 3648 -
409 3617 423 3661 3
436 3614 519 3671 ἔσομαι
535 3613 595 3661 cod.

279 3759 343 3810 CVI.
356 3787 383 3802 ·-
396 3757 506 3820 AErrigmu
522 3757 546 3804 in
559 3755 644 3806 cadom
666 3756 785 3806 rocahula
804 3763 894 3817 preter
906 3759 1027 3810 ultimum.

165 3878 169 3888 ¹
252 3837 306 3882 -3
327 3832 431 3892 εὑρήσεις
449 3845 478 3890 με
496 3825 569 3888 θοὰ,
588 3840 651 3876 corr.
671 3829 724 3876 lac.
737 3829 795 3876 Mox
821 3828 849 3878 τὸ
868 3831 948 3880 λοιπὸν
967 3833 1027 3882 θοὰ

249 3924 261 3945 n
275 3901 346 3960 Quod
366 3897 509 3961 ambiguum
524 3898 550 3946 et
567 3896 701 3946 obscurum
720 3903 766 3945 est.
780 3902 842 3948 lVam
862 3899 893 3950 de
909 3901 1029 3952 rocahulo

249 3979 307 4029 ποῦς
325 3970 406 4036 prima
418 3973 444 4020 et
460 3967 569 4018 secunda
588 3966 658 4016 litera
678 3965 801 4028 detractu,
820 3972 895 4019 restat
908 3970 947 4031 a..
959 3973 1030 4036 cujus

248 4047 274 4094 :i
286 4044 366 4092 λοιπὸν
379 4043 422 4091 aut
435 4059 450 4090 σ
464 4043 502 4088 est
513 4040 557 4088 aut
566 4037 587 4087 σΙ
602 4057 608 4086 ι
621 4051 660 4086 cui
677 4039 804 4100 sequentia
816 4039 915 4092 minime
929 4055 1029 4108 respon·
1049 4038 1051 4110 i

248 4115 314 4164 dent.
336 4117 418 4170 Quare
446 4111 472 4159 ιὸ
495 4111 588 4158 λοῖσθον
609 4109 684 4158 luisse
704 4109 824 4171 suspicor,
845 4113 871 4160 ot
888 4117 1029 4174 sequentem
1049 4111 1051 4174 ῗ

249 4197 348 4235 uersum
359 4181 475 4231 mutilum
489 4192 575 4230 sanare
588 4177 679 4228 studui.
692 4199 703 4222 ο
715 4181 771 4229 Joc.
783 4183 839 4229 -4
853 4183 955 4246 εὑρήσεις
964 4186 1025 4248 dirip-
1050 4227 1051 4238 .

248 4273 311 4321 ρημσ
323 4271 344 4304 τ.
361 4252 435 4312 θοὰς
454 4251 562 4302 Jacohsii
575 4249 753 4300 correctionem
763 4253 866 4314 εὑρήσεις
884 4253 954 4303 εἰσέτι
968 4259 1030 4318 ῥῆμα
1050 4277 1051 4312 ι

248 4329 321 4377 τόπον
337 4324 399 4386 (scil.
414 4326 485 4383 ποῦ),
499 4323 592 4385 νοσερὰ
604 4320 682 4369 Bolss.
1050 4338 1051 4420 ρ

280 4465 356 4513 cvii.
375 4487 407 4498 -
427 4463 481 4510 Nou
498 4459 595 4522 sagittis
612 4458 679 4521 jam,
704 4458 745 4508 sed
765 4471 825 4507 auro
846 4465 921 4509 Amor
940 4475 1030 4513 munus
1049 4449 1051 4516 i

250 4549 322 4584 sirum
339 4531 487 4595 exsequitur.
503 4549 514 4573 ι
529 4533 709 4592 interpretatus
722 4532 761 4579 est
777 4529 875 4580 cnurdo
891 4532 965 4582 hoch.
982 4533 998 4584 l.
1012 4536 1028 4586 l.
1050 4519 1052 4573 i

250 4621 274 4670 p.
289 4611 341 4666 295,
353 4604 395 4666 qui
408 4601 549 4665 AEthiopum
559 4600 685 4663 pulverem
698 4613 795 4650 curum
805 4601 852 4650 dici
862 4605 965 4657 monuit.
975 4627 986 4650 ν
997 4609 1029 4656 P.
1050 4586 1052 4653 i

250 4683 310 4725 -2.
324 4697 334 4718 ι
346 4673 509 4724 Posteriorem
519 4671 638 4734 syllohom
650 4671 713 4719 κόνιν
724 4670 840 4734 produxit
849 4673 922 4722 etlam
931 4675 1031 4738 AEsclip

249 4748 289 4797 lus
303 4746 387 4809 Suppl.
403 4748 455 4794 133.
473 4763 485 4787 ι
498 4745 552 4792 lac.

283 4888 373 4937 CVIII.
390 4883 501 4934 «edidit
523 4887 549 4934 et
569 4883 653 4948 gallice
671 4885 746 4934 veriti
766 4885 863 4934 Chardo
881 4887 956 4937 lloch.
977 4889 992 4940 l.
1011 4890 1028 4942 l.

250 4973 274 5022 p.
290 4964 344 5017 iot,
355 4955 398 5018 qui
411 4955 442 5004 de
454 4956 553 5018 speculo
564 4957 603 5004 cst
615 4955 796 5018 interpretatus.
812 4975 822 4998 ι
836 4960 868 5006 B.

281 5116 343 5164 θΙΧ.
361 5132 372 5155 ι
392 5115 428 5162 De
442 5113 513 5161 oculo
527 5110 677 5174 Polyphemi.
692 5143 721 5153 -
735 5117 758 5160 2.
773 5112 894 5168 Παλλάδος
908 5114 1029 5176 στελεχος·
1050 5101 1053 5172 i

802 435 1058 498 ANTHOLOGIAE
1080 437 1283 501 PALATINAE

1068 570 1135 633 jacet
1154 569 1179 620 ia
1195 571 1253 621 rivo
1271 571 1397 636 sepulcro,
1410 574 1490 637 caplte
1504 575 1598 626 scilicet
1615 579 1738 643 cyclopis.
1757 601 1770 624 ι
1786 585 1847 631 3.-

1073 646 1088 688 5
1103 640 1198 703 βρόμιος
1211 643 1251 692 sci
1265 643 1336 703 θοὰ,
1348 659 1374 692 τι
1385 644 1532 708 interposuit
1545 649 1707 699 humanus.
1722 677 1748 684 -
1757 660 1782 700 o.
1793 655 1847 704 lte.

1073 711 1145 772 θένιν,
1156 711 1209 760 scil.
1221 712 1291 776 κόρην
1302 711 1376 762 oculi·

1103 841 1151 890 cll.
1164 844 1244 894 -De
1259 855 1354 894 somno.
1369 873 1399 885 -
1414 848 1435 893 1.
1450 844 1567 898 slmiliier
1580 849 1723 912 symposius
1743 852 1799 900 ὢν.
1808 857 1844 903 ts:

1126 979 1168 1025 sed
1179 992 1215 1026 mc
1225 992 1293 1026 nemo
1302 981 1376 1033 ridet.
1388 984 1430 1028 nisi
1439 983 1476 1040 qui
1486 996 1527 1030 aaa
1538 987 1625 1031 lumine
1634 989 1724 1033 clausit.

1073 1129 1101 1138 --
1115 1109 1137 1154 i.
1152 1103 1223 1153 Ilaud
1236 1103 1313 1154 dubie
1325 1109 1413 1154 auctor
1426 1106 1526 1170 scripsit

1048 1299 1050 1306 γ
1133 1239 1162 1288 '0
1176 1241 1208 1298 μὴ
1220 1239 1296 1286 λαλῶν
1308 1239 1387 1299 λαλεῖ,
1398 1240 1473 1303 τρέχει
1483 1241 1504 1289 δ’
1514 1242 1527 1289 d
1537 1243 1570 1303 μὴ
1580 1243 1680 1305 τρέχων,

1072 1376 1139 1441 quod
1159 1379 1212 1426 tac.
1235 1376 1370 1440 proposuit.
1383 1403 1413 1412 -
1433 1381 1448 1427 3
1466 1378 1545 1427 πάντα
1561 1378 1583 1427 δ’
1604 1380 1680 1439 ἀληθῆ
1701 1383 1766 1440 λέγω
1789 1383 1847 1437 θοὰ

1074 1468 1087 1492 ι
1104 1461 1148 1512 pro
1161 1460 1211 1511 quc
1224 1447 1312 1510 scripsi
1324 1448 1401 1496 πάντα
1414 1448 1436 1495 τ’
1448 1447 1533 1511 ἀτρεκῆ
1547 1451 1617 1511 λέγω.
1635 1472 1646 1492 ι
1662 1455 1749 1500 Bulss.
1762 1454 1808 1502 Sed
1819 1457 1846 1502 ia·

1072 1517 1221 1652 zloiggihoec
1239 1519 1375 1582 oppositio,
1396 1530 1472 1580 quare
1494 1519 1665 1570 Friedemanni
1685 1523 1848 1574 corretliunrn

1103 1737 1166 1787 CXI.
1178 1755 1232 1780 -ι
1247 1739 1328 1786 Amor
1341 1736 1474 1801 significari
1493 1737 1603 1800 ridetur,
1614 1743 1687 1790 ortus
1702 1754 1732 1789 er
1741 1740 1809 1790 cuae
1820 1745 1849 1792 rel

1073 1809 1190 1867 Tartaro,
1205 1819 1264 1870 ηοω
1275 1811 1302 1857 et
1313 1807 1367 1871 ipsa
1383 1809 1441 1857 sunt
1452 1807 1535 1870 ἄγονα.
1550 1809 1682 1873 Ἔμὸρερος
1697 1810 1748 1860 dici
1765 1810 1850 1861 videon
1886 1863 1888 1872 ,

1072 1879 1117 1938 qut
1135 1876 1209 1927 intra
1225 1877 1357 1940 puerilem
1371 1878 1408 1927 cst
1422 1878 1542 1940 ututerm
1554 1878 1633 1940 ἄρσις,
1648 1878 1747 1929 dedeo
1765 1881 1849 1932 ahio..

1072 1949 1124 1998 Jcc.
1141 1946 1189 1998 Sed
1204 1947 1283 1997 Boiss.
1298 1965 1305 1998 ι
1320 1967 1333 1991 ι
1354 1949 1391 1997 De
1412 1951 1501 1998 Amore
1514 1947 1557 2011 qui
1579 1949 1738 2013 intelligunt,
1760 1963 1850 2014 scopa·

1072 2031 1121 2068 non
1131 2017 1273 2083 tetigerunt.
1288 2039 1301 2062 ν
1313 2017 1404 2068 Similis
1418 2018 1557 2070 versiculus
1573 2020 1747 2082 gnosticorum
1762 2019 1851 2070 recen

1072 2088 1140 2150 istis,
1161 2090 1204 2152 qui
1225 2089 1338 2140 versibus
1355 2089 1467 2151 concepti
1486 2089 1511 2138 in
1530 2089 1603 2140 codd.
1617 2103 1668 2139 non
1687 2091 1776 2153 paucis
1792 2105 1851 2155 rqie
1886 2119 1888 2158 3

1071 2161 1177 2210 riantur.
1199 2161 1250 2211 Nec
1270 2173 1333 2224 opus
1356 2163 1395 2210 eat
1413 2159 1519 2211 scribere
1532 2160 1572 2216 Ἐξ
1591 2160 1686 2221 ἀγόνων
1704 2163 1790 2220 ἄγονος
1805 2175 1852 2212 εισι
1886 2165 1888 2224 3

1072 2231 1264 2291 Friedemauno,
1277 2244 1333 2281 nam
1343 2229 1446 2280 «literas
1455 2231 1560 2294 οιχρσνίσ
1569 2231 1609 2281 rel
1618 2230 1649 2280 ah
1661 2233 1777 2294 antiquis
1785 2233 1853 2296 poetis
1886 2229 1888 2280 i

1073 2315 1120 2352 non
1135 2313 1235 2365 prorsus
1246 2301 1333 2351 allena.

1104 2448 1180 2497 cxii.
1192 2449 1222 2495 In
1234 2445 1350 2496 lemmate
1361 2445 1421 2496 θοὰ
1435 2448 1557 2509 Καρύστιοι
1569 2461 1613 2510 pro
1623 2450 1733 2509 Κροίσῳ.
1743 2451 1780 2498 Er
1791 2452 1854 2498 llere
1886 2411 1888 2460 ί

1072 2516 1131 2568 doto
1144 2515 1404 2579 tuscanicorum.
1419 2519 1458 2566 sl.
1469 2520 1524 2566 -5
1538 2520 1570 2580 μὴ
1583 2519 1608 2566 δὲ
1617 2521 1666 2567 eid.
1680 2521 1745 2571 θοὰ

1105 2658 1192 2707 cxlii.
1207 2675 1219 2698 ι
1234 2657 1333 2705 Lemma
1352 2655 1421 2718 quod
1442 2654 1515 2718 posui
1527 2657 1567 2704 est
1579 2654 1605 2704 in
1624 2668 1704 2718 marg.
1717 2653 1818 2707 Coclitis
1834 2665 1854 2706 ιν

1072 2723 1204 2791 apographi
1217 2726 1272 2774 Par.
1287 2723 1350 2775 Vide
1367 2725 1456 2778 Liebel.
1471 2728 1509 2775 De
1520 2725 1573 2774 rita
1587 2725 1728 2776 Archilochi
1741 2727 1757 2790 §
1773 2736 1794 2778 r.
1805 2747 1817 2771 ι
1827 2732 1853 2778 P.

1071 2795 1214 2848 Ponendum
1233 2797 1286 2845 erat
1299 2795 1365 2859 quod
1382 2796 1408 2845 ln
1426 2796 1489 2846 serie
1508 2795 1583 2845 hahet
1597 2795 1686 2846 codex
1705 2810 1757 2846 nna
1772 2797 1852 2848 falna

1048 2925 1049 2928 ,
1071 2871 1162 2920 lemma
1175 2867 1316 2918 hexametro
1326 2879 1402 2916 versu
1413 2866 1530 2930 scriptum
1546 2888 1551 2915 :

1137 3007 1246 3070 Χῼηῦμόζ
1259 3008 1296 3055 ἐπ’
1311 3008 1438 3072 Ἀρχιλόχῳ
1447 3009 1534 3069 λεχθεὶς
1547 3008 1637 3066 Πυθίης
1648 3009 1697 3056 ὑπὸ
1707 3009 1798 3068 ὀμφῆς,

1071 3151 1178 3210 securi:
1200 3149 1338 3198 exaratum.
1361 3168 1372 3190 ι
1393 3149 1607 3199 Commemoratur
1621 3147 1670 3197 hoc
1687 3150 1814 3199 oratura
1825 3153 1850 3200 alr

1072 3218 1160 3269 Euseh.
1176 3220 1253 3280 Prup.
1268 3230 1353 3280 evang.
1367 3219 1396 3277 V,
1408 3221 1447 3278 33,
1458 3231 1482 3280 p.
1495 3219 1547 3266 227.
1562 3237 1574 3259 ι
1585 3222 1644 3268 luc.

1103 3356 1190 3405 CXIV.
1205 3381 1236 3390 -
1249 3374 1261 3396 ι
1281 3356 1381 3405 hemma
1396 3355 1420 3403 iu
1435 3353 1526 3404 Codice
1547 3356 1645 3418 plenius
1661 3373 1668 3406 ε
1684 3363 1796 3424 Χρησριὸς
1817 3377 1849 3409 u.-

1073 3427 1116 3481 θνὶς
1129 3431 1157 3487 τῇ
1170 3426 1238 3487 μητρί
1253 3424 1398 3486 Ἀλεξάνδρου
1410 3429 1452 3472 τοῦ
1467 3425 1603 3482 Μακεδόνος
1615 3427 1760 3490 Ὀλυμπιάδι
1772 3431 1796 3478 ἐν
1807 3430 1849 3478 liu·

1072 3494 1130 3555 ῑίκῳ
1149 3493 1288 3556 ἐρωτησάσῃ
1308 3499 1357 3549 πῶς
1375 3494 1403 3541 ἂν
1418 3498 1459 3550 τῆς
1478 3495 1557 3556 χώρας
1576 3497 1676 3558 Περσῶν
1694 3501 1852 3561 spnden-uri

1071 3566 1157 3621 ταύτης
1170 3564 1227 3618 uide
1239 3563 1372 3613 oraculum
1382 3565 1422 3613 est
1435 3561 1646 3614 obscurissimum.
1658 3585 1672 3611 ιι
1685 3570 1716 3616 Β.
1731 3569 1815 3632 Neque
1830 3569 1852 3618 in

1072 3631 1333 3683 Pseudo-Callisthene
1347 3632 1398 3682 ridi
1417 3633 1484 3696 quod
1499 3634 1538 3684 his
1550 3635 1659 3698 aliquam
1673 3638 1757 3688 lucem
1770 3640 1853 3688 afferre

1072 3703 1158 3767 possit.
1171 3709 1227 3753 -u
1244 3705 1312 3752 νέκυν
1326 3702 1388 3754 θοὰ
1404 3703 1458 3753 siue
1472 3717 1562 3756 errore.
1579 3712 1635 3757 -3
1651 3707 1681 3766 ἦν
1700 3711 1735 3764 τίς
1752 3713 1777 3760 ei
1792 3711 1852 3764 dedu

1073 3774 1145 3835 θοὰ,
1155 3774 1218 3824 corr.
1230 3775 1283 3822 lac.
1293 3778 1344 3823 --4
1359 3777 1384 3824 ιο
1397 3773 1493 3823 addidit
1503 3778 1558 3826 lac.
1569 3806 1601 3817 -
1612 3781 1626 3828 7
1641 3779 1778 3843 ἀσηγήτορι
1786 3781 1851 3833 θοὰ.

1073 3845 1209 3906 ἀρηγηιῆριι
1220 3843 1309 3892 Jacobs
1324 3882 1330 3904 ‚
1343 3845 1413 3906 ιἰρηγ.
1425 3844 1560 3894 llcinelius
1571 3845 1604 3895 ad
1613 3846 1717 3898 Theocr.
1731 3864 1755 3912 p.
1768 3857 1852 3900 aus.-

1074 3919 1098 3964 8.
1113 3935 1124 3957 u
1143 3914 1261 3976 Ἄνωσος.
1273 3927 1329 3977 quae
1346 3913 1403 3963 alibi
1417 3915 1467 3964 ieri:
1484 3919 1588 3965 vocatur
1603 3916 1723 3982 Ἇὸσρνίς,
1739 3927 1775 3970 esi
1790 3920 1851 3970 lucili

1073 3997 1149 4048 prope
1169 3987 1338 4047 Lampsacum.
1359 3985 1423 4035 Vide
1446 3986 1571 4048 Ephomm
1592 3989 1682 4038 Marnii
1702 4003 1728 4052 p.
1754 3995 1796 4040 202
1815 3989 1850 4053 {es

1073 4055 1155 4117 steph.
1167 4058 1225 4120 Byr.
1236 4072 1260 4108 v.
1275 4062 1383 4120 ’λοσρνοι
1392 4062 1409 4125 ].
1422 4083 1432 4106 ι
1449 4065 1479 4113 B.

1049 4245 1051 4254 .
1104 4201 1264 4254 CIVBoiss.
1287 4205 1360 4255 breve
1383 4201 1474 4250 lemma
1483 4201 1611 4250 substituit
1621 4202 1765 4268 longissimo
1773 4207 1847 4256 Ιιιιισιι

1074 4274 1141 4337 quod
1155 4271 1250 4336 praebet
1264 4270 1366 4320 Codex:
1407 4274 1594 4332 Κωνστσντίνος,
1611 4275 1683 4323 ἐλθὼν
1702 4276 1725 4323 ἓν
1744 4283 1772 4337 τῇ
1786 4279 1848 4338 Tpet'p

1075 4343 1189 4404 πλησίον,
1199 4342 1316 4400 ἠθουλήθη
1331 4339 1409 4391 κτίσαι
1428 4343 1496 4390 πόλιν
1515 4343 1651 4403 βασιλικὴν,
1666 4347 1706 4392 καί
1727 4348 1803 4395 recen
1814 4349 1846 4396 uir

1074 4413 1193 4476 χρησμὸν,
1206 4412 1354 4474 ἀνεχώρησεν
1367 4415 1406 4460 καὶ
1419 4412 1488 4469 κτίζει
1503 4414 1759 4465 teramnensis.
1772 4437 1783 4458 ι
1793 4418 1844 4467 Cu}

1074 4483 1224 4543 stantinum,
1238 4485 1366 4543 animum
1389 4481 1472 4532 sedem
1491 4483 1559 4545 regni
1579 4483 1711 4535 collocaret
1733 4487 1845 4547 spurci.

1073 4552 1143 4602 urhis
1154 4553 1218 4601 inter
1229 4551 1348 4602 troadem
1361 4555 1386 4602 et
1399 4551 1526 4615 antiquum
1538 4552 1611 4603 Illum
1622 4555 1758 4606 condente
1770 4557 1846 4605 ιιιιιὰι·

1073 4625 1156 4672 menta
1166 4621 1254 4682 jecisse
1268 4625 1351 4671 narrat
1363 4622 1472 4672 Zosimus
1483 4625 1522 4682 ΙΙ,
1533 4628 1573 4672 3ο.
1584 4625 1733 4674 sozomenus
1741 4629 1771 4675 il.
1780 4631 1804 4676 Ε.
1813 4629 1842 4688 tl.

1074 4697 1098 4753 ³,
1109 4691 1178 4742 addit
1192 4695 1289 4741 ιΤαῦτα
1305 4692 1326 4740 δ’
1341 4693 1405 4754 αὐτῷ
1419 4698 1526 4742 πονοῦντι
1543 4693 1762 4757 surruptasque:
1776 4701 1789 4746 ό
1803 4699 1845 4750 hs:

971 4783 973 4786 ·
1074 4764 1172 4826 ἔχρησεν
1184 4763 1260 4824 ἔτερον
1277 4763 1391 4818 ἐπιζητεῖν
1405 4763 1484 4811 τόπον.
1496 4763 1569 4812 Cous.
1585 4766 1843 4819 acaunensium.

1075 4836 1120 4882 3.»
1134 4836 1192 4882 Juc.
1201 4831 1270 4882 Adde
1277 4831 1405 4881 Woliium
1414 4835 1450 4882 De
1462 4833 1553 4883 noviss.
1566 4846 1603 4884 or.
1616 4836 1691 4884 etate
1702 4847 1726 4897 p.
1737 4841 1809 4896 sseq.
1819 4861 1843 4872 -

1078 4909 1086 4951 i
1103 4903 1174 4964 Τροίη
1192 4921 1220 4952 σε
1234 4901 1305 4962 cod,
1320 4915 1383 4952 corr.
1396 4903 1548 4964 Schaeiel'us3
1564 4904 1671 4966 θεμειλίῳ
1695 4905 1765 4965 col..
1786 4919 1840 4954 ωπ.

1075 4972 1184 5023 Huschk.
1205 4975 1276 5021 ¹1Pi·h
1291 4974 1397 5034 τμηθέντι
1410 4973 1490 5022 forsan
1501 4973 1618 5035 dpntr'm.
1631 4999 1661 5009 —
1677 4979 1702 5024 3.
1719 4977 1842 5038 Μεγορὲίσν

1075 5043 1134 5092 ἄστυ
1151 5046 1190 5092 est
1205 5043 1313 5106 Byzantii
1334 5042 1492 5106 perIphrasls.
1513 5043 1673 5094 Philostratus
1692 5048 1720 5094 V.
1742 5043 1811 5108 soph.
1826 5047 1862 5106 l.¹

1075 5117 1140 5172 ahu
1156 5113 1215 5163 :sal
1233 5114 1293 5176 μετὰ
1315 5118 1390 5161 ταῦτα
1406 5115 1452 5175 γὰρ
1471 5112 1534 5172 (cod.
1553 5116 1611 5164 1696
1628 5113 1682 5163 siue
1697 5115 1750 5174 arri)
1762 5115 1841 5170 ἡιιννί

252 5199 307 5234 nam
321 5185 392 5234 recte
405 5182 529 5246 oleagineo
543 5182 642 5231 oculum
657 5181 769 5246 cyclopIs
786 5181 919 5231 terebraril
933 5183 1032 5245 Ulyssos
1050 5180 1053 5269 Ι
1076 5184 1171 5246 Μάριος
1183 5183 1205 5240 ἐς
1217 5183 1368 5263 τᾶν-Μέγαρα·
1381 5183 1482 5232 οἰκισταὶ
1494 5185 1519 5232 δὲ
1530 5185 1667 5240 Βυζαντίων.
1680 5183 1716 5233 lhi
1731 5184 1840 5233 marina

252 5254 308 5320 (od.
325 5259 345 5316 1,
366 5259 420 5315 319,
438 5252 520 5317 Eurip.
540 5251 606 5316 cycl.
621 5255 686 5316 454).
699 5282 730 5293 -
742 5258 766 5302 3.
786 5252 879 5302 Oculus
894 5256 1031 5302 occmcutus
1050 5272 1053 5314 ι
1075 5251 1138 5303 Add.
1151 5253 1288 5316 llesycluus
1302 5253 1393 5303 illustr.
1407 5253 1488 5317 origg.
1507 5253 1578 5303 CPol.
1593 5252 1608 5316 §
1624 5260 1646 5313 5,
1662 5252 1706 5302 uhi
1722 5255 1841 5304 herred
