3860 5920
10 9 126 210 r-
302 112 422 146 ν,

525 417 650 480 CAPUT
672 420 749 480 xvi.
775 414 970 478 APPENDIX
991 416 1211 476 PLANUDEA.

58 547 118 606 ὅττι
132 549 329 628 παραλληλοισι
343 550 409 628 βίοις
433 551 553 622 Ελληνας
565 551 685 628 άρίστους

100 636 211 714 Ῥώμης
227 635 380 714 εὖπολάμοις
396 635 517 715 ἥρμοσας
533 639 673 706 ἐνναέταις.

13 741 29 780 s
57 723 140 784 Ἀλλά
159 730 220 784 τεοῦ
235 725 332 804 βιότοιο
346 727 518 802 παράλληλον
534 727 590 806 βίον
606 728 685 787 ἄλλον

99 813 159 873 etti
170 812 202 872 σθ
213 817 238 894 γ’
254 813 284 871 ἂν
300 815 422 894 γράψεις·
438 817 528 894 οὐγὰρ
543 814 632 892 ὅμοιον
648 815 724 896 ἔχεις.

333 959 397 1009 332.
418 962 478 1008 ΤΟΥ
494 961 602 1010 ΑΥΤΟΥ.

318 1072 358 1127 Εἰς
372 1071 452 1120 ιῑκόνα
461 1071 586 1120 Αἰσώπου.

53 1187 130 1265 Εὖγε
146 1193 242 1264 ποιῶν,
259 1189 386 1252 Λίσιππε
397 1193 496 1274 γέρων,
508 1193 637 1254 Σικυώνιε
646 1195 768 1270 πλάστα,

98 1276 215 1338 δείκελον
231 1278 357 1339 Αἰσώπου
368 1281 469 1352 στήσαο
483 1288 527 1342 τοῦ
545 1282 649 1358 Σαμίου

55 1363 126 1423 ἑπτά
139 1371 225 1448 σοφῶν
239 1367 394 1448 ἔμπροσθεν·
409 1369 466 1428 ἐπεὶ
478 1377 559 1428 κεῖνοι
572 1369 619 1447 μὲν
637 1371 757 1450 ἀνάγκην

98 1452 231 1531 ἔμθαλον,
245 1459 275 1515 οὖ
289 1455 386 1530 πειθὼ,
401 1455 532 1538 φθέγμασι
547 1467 601 1525 τοῖς
614 1459 760 1539 σφετέροις,

54 1538 82 1606 ὃς
95 1542 124 1598 δὲ
139 1553 227 1622 σοφοῖς
239 1541 329 1622 μύθοις
340 1544 384 1604 καὶ
396 1546 536 1622 πλάσμασι
547 1547 639 1627 καίρια
650 1547 743 1623 λέξας,

98 1631 200 1700 παίζων
214 1635 241 1691 ἐν
256 1635 374 1714 σπουδῇ,
387 1635 470 1692 πείθει
484 1634 657 1716 ἑχεφρονέειν.

57 1719 180 1778 Φευκτθν
195 1722 219 1779 δ’
233 1725 250 1793 ἡ
265 1731 375 1802 τρηχεῖα
389 1723 550 1802 παραίνεσις·
564 1728 581 1795 ἡ
594 1723 697 1801 Σαμίου
712 1721 739 1782 δὲ

98 1809 129 1866 τὸ
142 1807 225 1888 γλυκθ
240 1815 284 1869 τοῦ
300 1811 381 1888 μόθου
395 1811 474 1872 καλὸν
491 1809 546 1890 ἔχει
556 1811 663 1893 δέλεαρ.

167 1959 237 2011 333.
259 1953 478 2013 nundinor
498 1954 729 2014 ΒΥΖΑΝΤΙΟΥ.

54 2087 95 2150 Ἦ
111 2092 185 2172 πήρη
199 2093 244 2150 καὶ
255 2094 353 2171 χλαῖνα
367 2093 413 2152 καί
429 2092 504 2152 ὕδατι
519 2099 662 2167 πιληθεῖσα

99 2177 185 2254 μοίζα,
202 2180 248 2238 καὶ
262 2184 280 2251 ἡ
295 2180 346 2257 πρὸ
360 2182 448 2240 ποδῶν
464 2180 558 2261 ῥάθθος
577 2183 742 2260 ἐρειδομένη,

55 2267 104 2326 καὶ
119 2265 202 2334 δέπας
215 2270 246 2326 ἐκ
256 2269 398 2347 κεράμοιο,
416 2271 488 2350 σοφῷ
504 2271 562 2328 κυνὶ
579 2270 663 2349 μέτρα
676 2271 743 2350 βίοιο

100 2355 190 2436 άρκια·
198 2359 248 2429 κήν
261 2357 361 2425 τούτοις
373 2349 405 2430 ἧν
419 2381 446 2416 τι
463 2357 658 2439 περισσότερον·

57 2443 161 2512 κοίλαις
173 2445 225 2525 γάρ
236 2443 311 2522 πόμα
324 2445 415 2527 χερσὶν
427 2443 489 2504 ἰδὼν
505 2445 617 2525 άριίοντα
633 2444 749 2527 βοώτην,

99 2524 168 2594 εἶπε·
181 2561 195 2588 s
206 2533 241 2595 Τί
251 2534 298 2594 καὶ
308 2534 338 2595 σὲ
349 2534 448 2615 μάτην,
464 2533 604 2617 ὄστρακον,
618 2537 793 2619 ἡχθοφόρουν,
811 2567 822 2593 ι

318 2696 380 2748 ³³4.
401 2697 460 2744 Tot
478 2699 584 2749 mot.

56 2823 80 2880 Γ
80 2819 194 2900 ηράσκει
205 2820 251 2879 καί
264 2821 363 2902 χαλκὸς
378 2822 428 2882 ὑπὸ
441 2821 545 2902 χρόνου·
556 2823 625 2882 ἀλλὰ
639 2822 684 2882 σὸν
698 2823 754 2884 οὔτι

99 2909 176 2975 κῦδος
189 2912 264 2976 tes<
279 2910 359 2982 αἰὼν,
369 2909 502 2989 Διόγενες,
521 2913 641 2970 καθελεῖ·

58 3001 153 3073 μοῦνος
168 2998 224 3055 teet
237 3003 326 3076 βιοτᾶς
340 2998 473 3078 αὐτάρκεα
487 2999 563 3068 δόξαν
578 2998 674 3068 ἔδειξας

98 3090 214 3158 θνητοῖς,
229 3085 275 3145 καί
289 3088 356 3157 ζωῆς
370 3077 444 3162 οἷμον
460 3087 649 3168 ἐλαφροτάτην.

387 3275 524 3288 5-

56 3439 130 3501 Quod
142 3453 253 3505 proceres
264 3436 350 3488 Graios
360 3439 462 3505 junxisti
474 3456 586 3506 compare
601 3442 649 3491 sita

91 3520 146 3582 liis,
160 3537 219 3585 quos
230 3521 338 3572 ediderat
351 3523 558 3581 marimanam,
575 3525 643 3577 viris.

55 3605 104 3656 Sed
118 3606 206 3669 sitam,
216 3605 254 3655 cui
268 3605 300 3657 sit
312 3621 411 3673 compar
425 3617 479 3670 tua,
490 3607 596 3658 scribere
607 3625 654 3659 nec
666 3619 692 3660 tu

92 3691 146 3755 Ipse
158 3700 240 3755 potes,
255 3690 369 3756 quoniam
383 3708 428 3758 per
442 3692 488 3742 tihi
500 3709 574 3744 nemo
587 3695 642 3746 tuit.

352 3793 410 3841 332.
430 3809 550 3856 υυεοιιι,

317 3871 348 3922 de
359 3872 445 3943 AEsopi
457 3875 571 3941 imagine.

56 3973 181 4023 Fictorum
198 3973 300 4040 Lysippo
316 3975 388 4024 decus
402 3975 528 4041 Sicyonis,
544 3976 632 4037 iaudo,

91 4057 172 4123 AEsopi
185 4058 258 4108 Samii
270 4059 335 4124 quod
346 4060 409 4108 senis
420 4047 522 4124 effigiem

56 4140 190 4190 Anteiocss
204 4150 295 4207 septem
308 4143 398 4194 Grecis
408 4142 556 4209 sapientibus
569 4161 575 4194 ι
589 4143 677 4194 horum

91 4227 155 4274 Nam
167 4224 237 4274 dictis
249 4225 284 4274 sis
296 4234 332 4275 est
344 4226 462 4292 piurima,
475 4228 548 4277 suada
559 4228 635 4277 deest.

56 4307 103 4357 lile
114 4307 186 4356 docet
201 4323 298 4369 serum,
311 4306 401 4358 blande
415 4308 461 4358 suh
474 4308 577 4374 imagine
590 4309 642 4359 taisi

91 4389 139 4440 Sed
150 4389 236 4450 docet,
249 4398 274 4438 et
287 4399 403 4440 monstrat
415 4391 477 4441 serie
491 4401 577 4442 cuncta
585 4393 651 4458 joco.

56 4478 136 4538 Aspre
147 4472 233 4536 jurent
246 4472 306 4521 aiios
319 4488 326 4522 :
340 4473 414 4523 Samii
426 4489 465 4523 me
477 4473 559 4524 sabula
570 4476 675 4536 mulcet,

90 4554 157 4602 t'tiie
168 4554 213 4603 airh
227 4555 292 4604 duici
303 4571 356 4621 quse
370 4556 443 4622 clepit
457 4555 580 4608 illecebra.

277 4661 335 4710 3³3.
354 4675 482 4708 ιιιτινιιιιε
508 4676 637 4718 arsami,

370 4741 401 4791 de
416 4744 534 4810 Diogene.

57 4831 132 4889 Pera,
147 4828 242 4877 ieoernu
257 4827 358 4893 duplex,
374 4837 397 4877 et
409 4843 478 4893 aquae
489 4827 603 4893 permista
617 4826 729 4893 potente,

888 556 1026 620 idco-quud
1040 558 1064 606 in
1074 555 1195 621 parallelis
1211 557 1268 606 vitis
1280 557 1378 606 Graccus
1391 559 1498 619 optimos

920 639 1003 688 Romse
1017 637 1121 689 sortibus
1129 639 1277 702 comparasti
1288 638 1394 689 civihus.

890 725 938 774 scd
950 728 1002 776 tuce
1012 725 1069 776 vita
1078 726 1216 790 parallelum
1228 728 1306 776 vitam
1315 727 1388 776 etism

921 826 951 863 ne
965 816 993 863 tu
1006 813 1109 877 quidem
1123 814 1246 864 scriberes
1259 829 1266 860 ι
1285 827 1370 876 parem
1381 813 1447 864 enim
1459 827 1506 863 ιιοιι
1516 813 1593 863 hahes

1168 952 1222 997 332.
1246 957 1396 1001 tsusntn.

1153 1083 1179 1126 tn
1190 1082 1313 1138 imaginem
1322 1081 1406 1138 AEscpi.

891 1203 986 1252 Bonum
998 1201 1092 1254 iactum
1104 1203 1180 1266 quod,
1197 1217 1212 1253 ο
1224 1203 1327 1268 Lysippe
1336 1217 1420 1264 senex,
1433 1203 1545 1266 sicyonia
1557 1202 1662 1261 artifex,

920 1289 1081 1340 simulacrum
1093 1291 1177 1354 AEsopi
1187 1290 1292 1356 posuisti
1304 1291 1379 1341 Samii

889 1381 983 1441 septem
993 1381 1049 1430 aute
1060 1380 1193 1444 sapientem
1208 1393 1265 1430 nam
1278 1380 1315 1430 illi
1328 1379 1429 1445 quidem
1440 1379 1611 1442 necessitatem
1638 1376 1644 1392 '

920 1465 1100 1528 immittebant,
1116 1481 1164 1518 non
1178 1469 1376 1533 persuasionem,
1386 1468 1459 1518 dictis
1473 1471 1540 1528 suis3

889 1555 930 1604 hic
938 1557 1023 1606 autem
1032 1555 1112 1607 doctis
1125 1557 1215 1608 scholis
1227 1560 1253 1608 et
1269 1555 1409 1608 fictionibus
1420 1558 1558 1620 opportuno
1571 1554 1673 1617 effetus,

920 1644 1027 1696 miscens
1039 1644 1125 1695 ludum
1136 1645 1222 1707 seriis,
1235 1644 1547 1696 sanam-mentemhshere
1560 1643 1659 1696 suadet.

890 1731 996 1784 vitabile
1008 1732 1126 1797 quiddam
1138 1746 1225 1796 aspero
1239 1733 1342 1783 monitio
1355 1751 1361 1783 ι
1377 1731 1465 1782 Samias
1478 1744 1538 1782 vero

920 1819 1024 1871 dulcedo
1036 1819 1125 1870 sahulss
1141 1820 1269 1885 pulchram
1278 1820 1352 1872 habet
1364 1834 1456 1872 escam.

1077 1962 1130 2009 333.
1146 1960 1308 2010 eniienim
1322 1960 1480 2012 BYZANTH.

889 2102 951 2150 Pera
959 2102 985 2150 et
993 2098 1056 2150 lem
1065 2103 1091 2150 et
1103 2103 1166 2164 aqut
1177 2099 1294 2151 densatus

920 2186 1157 2252 panis-hordeaceus
1169 2191 1195 2238 et
1206 2191 1261 2238 ante
1273 2189 1349 2252 pedes
1358 2188 1426 2252 virga
1440 2187 1504 2246 fixa,
1606 2187 1679 2250 [ritae

888 2279 914 2327 et
929 2276 1045 2340 poculum
1059 2275 1145 2338 fietile,
1160 2276 1234 2326 docto
1251 2276 1307 2326 ceni
1327 2289 1443 2326 mensura
1461 2278 1674 2326 necessariorem

920 2366 1057 2426 sufficiens3
1070 2369 1145 2429 atque
1156 2365 1180 2415 in
1192 2365 1229 2416 eis
1244 2367 1298 2416 erat
1310 2364 1401 2428 aliquid
1419 2377 1602 2428 supervacuum
1617 2381 1624 2413 ι

889 2455 956 2505 cavis
965 2454 1031 2506 enim
1043 2457 1130 2519 potum
1139 2453 1253 2504 manthos
1266 2453 1421 2517 conspicatus
1430 2453 1582 2504 haurientem
1593 2452 1668 2502 rusti-

920 2544 983 2595 dixit
996 2559 1002 2590 :
1014 2542 1079 2602 Quid
1088 2546 1113 2594 et
1123 2544 1148 2593 te
1163 2543 1263 2604 imstra,
1275 2544 1353 2602 testa,
1365 2541 1571 2606 megravaham?
1594 2541 1676 2604 [cum

1169 2708 1224 2759 θθθ.
1246 2717 1397 2759 BJUSDEM.

888 2857 1047 2908 consenescit
1062 2860 1088 2908 et
1100 2871 1136 2908 aes
1147 2870 1202 2907 aevo
1213 2875 1220 2906 ι
1230 2857 1275 2908 sed
1288 2861 1358 2908 tuum
1370 2856 1511 2920 neutiquam

918 2942 996 2996 decus
1008 2944 1087 2995 omnis
1099 2947 1175 3006 tatas,
1185 2944 1344 3010 oDiogenes,
1355 2945 1438 3007 tollet,

888 3031 1037 3096 quandoque
1049 3032 1117 3083 solus
1135 3033 1195 3083 vitas
1207 3032 1373 3083 sufficientem
1386 3031 1524 3096 opinionem
1543 3030 1673 3084 ostendisti

919 3120 1077 3180 mortalibus,
1091 3121 1184 3172 etrite
1197 3120 1264 3170 nam
1274 3119 1426 3171 facillimam.

1217 3287 1349 3298 ...w-...-

1514 3389 1632 3406 d

920 3449 951 3494 Et
963 3445 1063 3495 baculus
1075 3461 1180 3509 gressum
1192 3445 1233 3510 qui
1247 3445 1308 3508 regit
1321 3453 1376 3493 ante
1390 3444 1476 3509 pedes,

887 3533 1006 3594 Testaque
1018 3544 1063 3595 pro
1075 3528 1178 3595 cyatho,
1190 3527 1304 3593 sapientis
1317 3536 1368 3577 tota
1379 3518 1489 3593 supel'iex

923 3615 980 3661 iiaec
991 3610 1056 3661 canis
1070 3620 1126 3662 est:
1143 3621 1167 3660 et
1181 3611 1206 3659 in
1221 3609 1259 3659 his
1271 3609 1335 3676 quod
1347 3608 1476 3674 superabat
1491 3618 1551 3657 erat.

886 3695 989 3745 Viderat
999 3694 1141 3760 agricolam,
1156 3709 1214 3744 aava
1226 3693 1362 3743 cui-menas
1375 3691 1491 3741 hauserat
1504 3691 1603 3751 undam,

920 3781 1020 3844 Teque,
1035 3778 1083 3841 ait,
1099 3778 1157 3828 heus
1172 3777 1261 3828 trustra
1274 3792 1319 3826 cur
1333 3792 1389 3842 ego,
1404 3783 1479 3835 testa,
1493 3774 1562 3823 iero?

1186 3958 1244 4012 stt.
1264 3971 1384 4021 sansonis,

1210 4071 1240 4122 de
1255 4071 1346 4121 eodem.

888 4217 943 4262 AErs
956 4210 1007 4260 dies
1020 4210 1099 4276 perdit
1116 4225 1122 4258 :
1137 4209 1178 4258 sed
1193 4224 1280 4258 nomen
1292 4205 1382 4273 grande
1394 4205 1529 4270 decusque,

867 4285 871 4396 φ
920 4295 1055 4358 Diogenes,
1069 4293 1175 4342 adiment
1190 4292 1269 4341 secula
1283 4291 1350 4340 nulia
1363 4289 1419 4340 tihi.

889 4379 1005 4429 Mortales
1018 4385 1043 4426 tu
1057 4393 1161 4443 namque
1172 4377 1258 4434 doces,
1272 4375 1330 4424 satis
1341 4389 1393 4423 esse
1405 4381 1492 4438 μιιιιιτε

921 4461 993 4525 Quod
1006 4459 1072 4521 ntis,
1094 4468 1119 4509 et
1134 4460 1188 4510 vitae
1200 4475 1249 4508 non
1264 4473 1366 4508 onerare
1381 4456 1454 4504 riam.

1285 4618 1356 4630 ...—
