3734 5920
529 410 567 470 lN
588 408 714 470 CAPUT
736 407 774 468 Xl
802 398 1029 460 ANNOTATIO.
1548 408 1608 465 379

38 552 119 601 mxv·
132 552 186 595 ἡ,
201 543 247 594 οὐδ·
263 545 301 593 ici
311 549 358 592 τῶν
374 543 453 604 pm,
470 540 572 592 sedam·
588 541 695 589 multum
713 553 774 602 pm.
798 545 800 559 ·
821 531 846 579 in
861 531 982 582 sentinam
994 530 1072 580 uriae
1082 531 1152 580 salsae
1164 535 1239 596 caput
1250 530 1400 583 demitteret.
1412 533 1482 583 (lorii.
1497 546 1537 597 ep.
1555 539 1609 587 328.

14 627 71 674 stat:
87 632 114 668 ne
126 616 184 666 hinc
199 613 298 678 quidem
311 612 478 664 similitudinis
491 610 658 676 exprimendae
676 610 776 661 laudem
822 607 844 655 3.
863 622 876 646 a
892 605 925 653 B·

14 697 56 746 ιςη,
68 683 207 741 hohsouadii
219 684 273 734 baee
282 687 341 734 suut
360 704 366 732 ι
383 683 526 746 «Tangitur
538 681 664 744 Eutychus
678 684 706 731 ul
718 693 775 728 uxo
797 697 799 735 ;
1103 747 1110 756 ,
1332 752 1342 761 ι
1452 746 1457 757 ι

15 779 55 814 rem
67 760 150 811 hahens
167 755 317 810 adulteramc
339 767 396 804 uem
417 754 551 805 liberorum
574 753 638 816 patri
658 749 774 801 similium
797 769 798 776 .
853 747 954 794 ccxxi.
972 748 999 794 ln
1012 743 1079 794 Plan.
1098 748 1190 802 αόηιιν.
1212 773 1244 783 -
1264 752 1353 802 tacet
1365 745 1404 796 ed.
1421 760 1499 810 prrnc.
1514 750 1541 798 et
1554 746 1608 796 hid.

13 829 128 898 procreatio
142 824 258 875 indicium
272 823 411 874 habebatur
424 827 543 873 maternae
568 821 698 872 castitatis.
712 820 775 870 Vide
797 826 798 836 ¹
822 835 835 858 ι
848 815 903 865 Ὅτι
921 821 991 866 τοῦτο
1008 820 1091 876 ποιεῖς,
1111 815 1206 866 scilieet
1228 819 1264 866 ὅτι
1282 817 1374 880 ιειχεις.
1399 817 1481 868 schol.
1499 819 1609 868 Wech.:

14 904 76 958 [iessl
102 900 130 951 ιιι
151 897 254 947 Theona.
272 898 346 956 xvi,
364 899 393 945 il
419 898 445 944 et
466 907 522 944 mea
539 893 566 943 in
591 892 701 942 secunda
714 891 773 941 edit.
821 887 868 935 eici
878 887 1014 940 rruecuibrr'
1026 887 1107 951 ἀργίας
1119 889 1158 936 τὸν
1166 886 1355 948 dissolubilcm·
1365 888 1470 948 adlapsa
1481 889 1608 952 λείχουσιν·

44 941 90 1026 pai.
102 967 164 1021 Adde
176 969 278 1032 Dupori.
291 959 489 1016 Gnomolsiiom.
504 979 528 1028 p.
542 969 595 1023 tta,
611 967 637 1014 et
645 962 774 1013 Nessirtem
822 957 871 1004 ὁδὲ
881 957 959 1018 φησίν·
974 956 1018 1004 οὐκ
1032 956 1194 1020 ἀπεχθάνομαι
1205 974 1243 1008 σοι
1259 959 1325 1022 ἀργῷ
1336 960 1395 1021 ὄντι,
1411 959 1461 1009 ἀλλ’
1478 961 1514 1009 ὄτι
1531 962 1559 1010 οὐ
1571 961 1611 1024 μό·

821 1028 1402 1164 rtrzrhhtricastinae·
1415 1033 1564 1165 trahe
1580 1049 1610 1151 r

870 1149 873 1158 .
894 1136 899 1144 ·
1002 1133 1019 1163 ἰ
1321 1140 1327 1150 ·
1400 1139 1406 1151 ·

37 1185 127 1234 ccxvi.
140 1183 256 1230 Lemma:
271 1178 303 1232 εις
313 1176 426 1238 ἀσελγεῖς.
438 1203 469 1212 -
480 1193 492 1220 ι
504 1177 580 1225 Poeta
589 1187 616 1224 se
625 1187 677 1225 rem
686 1185 774 1226 noram
822 1169 903 1228 ἆιιιῑαι
913 1173 971 1218 nola
982 1179 1059 1218 'nemo
1071 1183 1119 1218 non
1132 1168 1263 1220 dubitabit.
1281 1171 1422 1234 Cogitabam
1435 1171 1467 1222 de
1483 1171 1612 1237 AEgyptio-

12 1257 122 1306 rttautum
133 1263 177 1300 non
187 1246 355 1298 incredibilem
363 1245 449 1296 amicis
457 1249 613 1296 narraturum
626 1259 680 1297 asse
689 1245 774 1311 lingit:
824 1252 880 1288 rum
890 1252 958 1290 more
972 1239 1079 1290 caiolum
1098 1242 1196 1290 ientffit
1210 1244 1236 1291 ei
1254 1240 1379 1293 dulciores
1387 1241 1528 1304 mandendi,
1538 1257 1612 1306 (luem

13 1323 131 1386 cmrtppum
145 1332 173 1369 er
189 1317 327 1382 pmdemsta
340 1316 432 1366 lactum
449 1315 584 1379 pathicum.
600 1317 686 1367 oratio
697 1317 774 1367 iuter·
824 1323 918 1360 morem
931 1311 1076 1362 Ammianus
1085 1311 1173 1362 ederit.
1192 1312 1241 1362 Sed
1254 1313 1399 1365 tellatricoa
1410 1313 1502 1377 alloqui
1515 1315 1613 1364 videtur

10 1392 135 1458 ιιιιιοιιιιιιιι
152 1391 177 1439 et
187 1384 419 1450 interrogationibus
435 1399 501 1450 saepe
512 1387 651 1449 interrupta
668 1388 775 1436 animum
823 1394 880 1444 rrum
895 1381 969 1431 simul
979 1381 1119 1446 euuuillnga
1130 1385 1191 1432 erat.

12 1461 128 1516 chementi
140 1457 300 1509 admiratione
315 1469 459 1520 percussum
475 1457 557 1506 viride
572 1457 659 1521 pingit.
679 1479 690 1502 ι
705 1463 776 1520 luc,
798 1463 800 1506 ι
1551 1525 1556 1536 .

12 1527 777 1598 quimmparatcatullihlll:oremrldtcrrlcru,etc.-t.n‹lvr-
799 1571 801 1592 ,
855 1524 972 1574 cclillll.
994 1526 1022 1573 ln
1038 1523 1166 1573 chilonem
1186 1524 1321 1574 fellatorem
1342 1526 1413 1574 lusus
1429 1529 1612 1588 grammaticus.

13 1604 104 1654 lituris
117 1599 240 1651 schohw.
249 1619 256 1648 :
265 1599 364 1648 ἐνταῦθα
373 1599 413 1646 τὸν
423 1599 682 1664 Κράτιππονγράφεται,
695 1604 727 1654 ὡς
736 1601 775 1648 rri-
799 1638 801 1650 ,
823 1621 854 1630 -
871 1603 879 1644 l
898 1596 972 1658 χίλων
981 1596 1021 1644 ani
1030 1594 1104 1658 λίχων
1117 1594 1178 1646 (lod.
1189 1615 1201 1638 ιι
1213 1594 1293 1645 Schoi.
1307 1596 1416 1645 Weoh.2
1431 1597 1481 1645 ἀντὶ
1497 1601 1552 1650 τοῦ,
1565 1603 1613 1652 τοῖς

12 1675 74 1724 rader
82 1672 133 1722 ὄντα
141 1672 251 1734 πρότερον
259 1673 337 1733 appion
349 1671 381 1726 εἰς
389 1671 442 1726 τοὺς
451 1671 535 1724 παῖδας
546 1671 586 1718 καὶ
598 1675 667 1719 τοῦτο
681 1672 713 1727 εἰς
723 1670 776 1723 τοὺ;
800 1691 801 1738 ι
824 1667 903 1722 αὐτοῖς
910 1667 1046 1730 γράμμασιν
1060 1668 1132 1730 ἄμφω
1141 1667 1277 1730 γράφονται·
1293 1667 1353 1725 adca
1364 1669 1456 1748 licitum
1472 1669 1512 1716 nui
1527 1668 1614 1749 luipone

14 1747 106 1805 τῄιώραν
117 1747 162 1798 τοῖς
172 1743 322 1805 βουλομένοις
329 1741 436 1803 αἰσχρῶς
446 1740 628 1795 suuni-eburius.
638 1765 670 1777 -
680 1747 702 1789 a.
715 1742 777 1789 Duae
800 1745 801 1781 1
824 1741 863 1786 cor
887 1739 957 1787 αὐτὸν
978 1737 1135 1796 σημαίνουσιν
1151 1735 1247 1800 &propia
1265 1736 1337 1801 (haeo
1357 1739 1422 1787 ratio
1435 1739 1558 1820 remeat,
1572 1737 1615 1821 tila

14 1815 93 1864 ruenni
107 1813 227 1860 Nemeaea.
251 1810 324 1860 (loni.
338 1822 377 1872 ep.
394 1815 452 1865 2263
473 1811 582 1871 Xll,ep.
605 1813 660 1868 toa;
675 1812 726 1859 noi.
746 1808 778 1858 ad
801 1836 803 1848 ι
825 1809 904 1868 laisa).
919 1807 986 1859 latta
994 1809 1017 1856 ri
1031 1825 1089 1872 φημι
1098 1809 1150 1872 περὶ
1163 1813 1211 1856 τῶν
1224 1807 1464 1894 γραμμάτωνςλείζει
1474 1824 1613 1891 pauwaert,

13 1889 86 1947 dunap.
99 1896 122 1945 p.
136 1885 188 1930 332.
205 1881 251 1930 ast
268 1879 421 1931 aichstedtti
440 1878 581 1930 dissertatio
594 1880 625 1930 de
641 1883 700 1941 hie,
718 1879 778 1929 Dice
801 1893 803 1902 ¹
826 1882 869 1928 κᾶν
885 1880 928 1929 icu
940 1880 983 1928 ιιᾶν
994 1880 1073 1928 ἄνισα.
1092 1899 1103 1921 ν
1117 1880 1148 1928 Β.
1162 1878 1224 1928 cod.
1238 1877 1289 1927 ἔστι
1306 1879 1339 1928 δὲ.
1352 1905 1380 1914 w
1391 1881 1475 1942 ιλιχει
1485 1881 1614 1960 γαριχιλων

14 1952 132 2012 athemesi,
146 1965 220 2015 quam
232 1965 281 2001 uon
292 1951 362 2012 nori,
375 1950 461 2001 sedeb
477 1953 684 2003 nomenauctoris
697 1953 779 2003 erudi·
801 1952 803 1965 '
826 1949 922 2012 Codex,
944 1948 988 2008 sed
1005 1949 1107 2000 Salmas.
1129 1950 1165 2000 alc
1184 1970 1190 1999 :
1211 1969 1222 1991 ι
1236 1951 1276 1998 καὶ
1294 1951 1354 2013 ιιχει
1364 1951 1408 2013 γὰρ
1424 1951 1510 1999 Χιλων-
1528 1954 1563 1999 rta
1581 1950 1616 2001 le-

14 2023 84 2074 tiuimi
95 2035 193 2072 secunus
204 2021 334 2086 legendam
345 2021 500 2072 commendo.
514 2025 566 2072 ιιι.
580 2050 607 2058 -
625 2028 639 2073 3
652 2025 725 2085 γένος·
739 2025 776 2086 τίς
802 2050 804 2060 .
826 2019 897 2084 gend.
912 2040 924 2064 ν

15 2096 65 2146 Plan
76 2093 142 2144 male.
159 2091 273 2156 intellige
282 2092 407 2155 γινόμενον
416 2094 455 2142 rel
469 2091 534 2152 ὄντα,
549 2095 575 2143 et
585 2093 710 2158 jungenda
721 2095 778 2146 ἄιιο
802 2126 804 2134 ι
1110 2145 1111 2148 ,
1298 2161 1303 2172 Ι
1455 2163 1460 2172 Ι
1589 2165 1593 2174 μ

14 2167 64 2228 pa,
75 2169 117 2214 aur
131 2165 288 2227 ιιιροιήιωι,
304 2161 373 2227 quod
385 2162 464 2212 aotss.
482 2161 601 2213 indicavit
613 2163 776 2216 distinctione.
858 2160 1064 2210 00Xl111.-t·
1081 2180 1093 2202 «
1105 2164 1184 2210 tusus
1200 2160 1225 2210 m
1238 2160 1354 2224 ambigua
1364 2165 1474 2244 synon,
1488 2164 1553 2212 εῑιιεν
1563 2165 1615 2223 tho

15 2260 36 2270 -
46 2240 65 2286 ι,
80 2236 149 2283 poem
163 2233 208 2283 sibi
221 2233 275 2298 ipse
290 2232 431 2296 respondet.
450 2253 461 2275 ι
476 2235 550 2284 aanor
566 2239 625 2286 sunt
634 2236 779 2298 paederastre
802 2246 804 2282 ι
827 2232 1082 2294 aramachamatale>
1101 2232 1210 2290 στόματι.
1227 2231 1265 2281 hd
1279 2233 1343 2293 hanc
1359 2232 1499 2316 faeditatem
1509 2235 1615 2284 transla-

13 2305 79 2368 puen's
91 2303 245 2364 insidiantes;
263 2318 288 2353 r.
313 2307 418 2354 Straton.
433 2305 493 2362 llll,
513 2317 555 2366 ep.
577 2312 631 2366 250,
652 2312 676 2368 a,
693 2306 735 2369 qui
752 2309 780 2356 ut
826 2300 881 2349 turn
896 2299 1000 2351 verbum
1014 2304 1086 2364 βιιιιν
1097 2306 1179 2365 polest
1195 2301 1325 2354 advertere
1343 2307 1559 2367 grammatrcorum
1577 2309 1614 2354 at·

13 2375 58 2438 ιρνιι
69 2378 134 2424 voert
142 2373 265 2425 tenellum
276 2387 391 2438 puerum,
408 2373 444 2424 sic
458 2374 577 2426 lucillius
589 2377 696 2442 pilosum
707 2378 778 2427 cinae-
803 2420 804 2426 ,
826 2370 975 2431 tentionem,
987 2385 1017 2422 eo
1025 2371 1080 2435 ipso
1091 2373 1243 2423 securierum
1253 2373 1320 2436 quud
1333 2375 1424 2432 rerba,
1436 2388 1485 2424 non
1494 2379 1617 2425 resulten-

12 2443 59 2494 dan
68 2445 256 2508 pprappetrat.
268 2444 364 2496 videet
374 2457 448 2508 supra
462 2459 502 2509 ep.
517 2454 557 2506 51,
568 2454 592 2496 a.
606 2469 617 2490 ι
630 2450 688 2499 Jec.
700 2452 778 2498 Acce-
826 2441 884 2492 dere
897 2442 957 2506 ipsis
967 2443 1085 2505 objiciunt
1099 2444 1211 2495 homines
1222 2446 1325 2507 quidam
1339 2444 1430 2510 ingenii
1443 2444 1563 2508 capitalis.
1578 2446 1616 2494 sic

13 2511 163 2568 drttlresauro
178 2527 242 2565 usus
253 2515 323 2565 vocis
335 2515 361 2566 iu
374 2515 499 2565 notionem
514 2517 608 2567 cinudr'
615 2517 720 2581 pathici
732 2517 777 2568 de·
827 2511 933 2576 sutum
953 2514 1101 2566 translatum
1113 2517 1152 2566 est
1174 2529 1189 2565 a
1201 2517 1313 2566 Martiale
1327 2520 1360 2578 ll,
1370 2516 1442 2572 suin
1460 2517 1615 2568 Chrestillam

13 2589 78 2638 lans,
827 2583 971 2636 tebatricem
988 2605 994 2618 ·
1014 2591 1086 2649 supe
1105 2599 1150 2650 epe
1173 2586 1342 2639 Chrestinam
1361 2590 1443 2644 mani.
1465 2589 1511 2638 Det
1536 2601 1615 2652 quern

828 2657 997 2720 pecqueur
1016 2662 1105 2721 supra
1127 2658 1197 2722 qrrcd
1220 2658 1279 2716 pert
1297 2659 1353 2720 nit,
1373 2662 1509 2718 Marinae,
1522 2663 1616 2724 potest.

828 2725 900 2782 Quod
914 2725 1049 2776 notandum
1065 2727 1170 2788 ridetur,
1189 2730 1308 2791 qnoniam
1323 2730 1483 2789 liamhezius,
1499 2731 1542 2794 qui
1558 2743 1613 2780 ern-

827 2794 905 2846 rlitam
916 2795 989 2846 nimis
999 2796 1189 2848 adolescentiam
1198 2799 1224 2848 in
1236 2799 1360 2850 obscenis
1372 2799 1488 2850 Martialis
1497 2802 1617 2862 exercuit,

827 2867 860 2916 ch
872 2866 898 2916 id
912 2866 994 2930 ipsum
1008 2867 1077 2918 verbi
1089 2868 1121 2919 de
1131 2870 1179 2919 alie
1194 2884 1240 2920 nec
1251 2869 1316 2920 bono
1327 2883 1401 2921 seusu
1414 2871 1538 2934 eogimrit.
1552 2892 1564 2916 ι
1584 2876 1615 2924 ιι.

717 2955 736 2972 ..
829 2957 858 2968 -·
877 2945 885 2986 ι
899 2937 1006 3000 patraret
1019 2938 1103 3002 βείιειν
1112 2939 1174 2988 Cod.

37 3011 153 3062 cotvrrr.
164 3038 194 3048 -
209 3012 388 3076 Euphorionis,
402 3013 571 3066 Chalcidensis
583 3019 678 3080 poetae,
695 3020 781 3082 turpes

13 3081 132 3142 etspurccs
143 3093 242 3132 amores
259 3081 348 3132 acerbe
368 3083 510 3146 perstringit
521 3086 621 3148 crates,
640 3087 716 3138 rebus
734 3102 779 3137 ro-

13 3147 169 3212 fflumoequa
178 3151 204 3200 iu
212 3152 392 3202 consuetudine
402 3157 461 3204 sont
469 3157 643 3218 grammaticis,
653 3158 781 3208 inobseru-

13 3233 59 3270 run
77 3233 169 3272 sensum
195 3222 309 3274 detlexis.
331 3243 343 3266 ι
362 3227 468 3276 carmen
495 3228 639 3279 obscenum
659 3230 780 3294 interpre-
803 3283 804 3290 ,

36 2728 135 2776 ccxlii.
150 2730 178 2779 lu
195 2728 266 2778 Plan.
284 2729 378 2786 ἀδηιον.
403 2759 431 2769 -
450 2729 593 2792 lmpudicus
615 2721 780 2794 Suspicionem

13 2796 105 2846 utenda
117 2797 224 2848 lihidinis
238 2800 267 2847 ut
277 2797 412 2862 effugeret,
428 2811 531 2849 uxorem
546 2800 628 2855 duxit.
641 2815 687 2851 nec
696 2803 779 2853 lamen

13 2872 90 2937 edepl.

860 3080 989 3131 ccxxiv.
1002 3105 1032 3116 -
1049 3086 1070 3131 ι.
1093 3078 1223 3140 «Ἐστυιιὸς
1244 3083 1383 3147 legendum.
1410 3087 1554 3136 »Seterrae
1576 3087 1615 3135 Sic

828 3150 903 3200 etiarn
916 3151 1066 3213 Bruuclrius,
1081 3165 1155 3214 quem
1170 3153 1337 3204 lallioslendit
1347 3157 1399 3206 tae.

14 3291 67 3338 tatus
80 3294 115 3340 est
136 3293 248 3352 Moneta,
270 3293 348 3357 Epist.
370 3294 402 3345 ad
419 3297 567 3360 Baliarium,
587 3298 613 3348 in
633 3301 780 3366 hleuagianis
802 3313 804 3321 ’

14 3359 66 3414 th.
79 3373 100 3423 p.
114 3364 150 3412 ιι.
163 3362 233 3412 ldem
252 3365 370 3416 tractavit
382 3366 483 3417 uellus
496 3368 528 3418 ad
546 3369 682 3422 Choerilum
697 3385 722 3436 p.
736 3377 778 3424 st.
803 3368 804 3377 ’

13 3435 67 3479 ·-ι.
80 3429 206 3483 Charitas
227 3435 360 3498 antiquus,
380 3450 429 3487 non
445 3437 487 3488 ille
502 3441 669 3492 Alexandrum
683 3447 716 3495 hl.
738 3458 780 3495 se·
804 3475 806 3486 ι

14 3503 88 3552 datus.
100 3510 161 3553 ··t.
181 3506 322 3569 Respieitur
334 3507 366 3558 ad
384 3516 474 3574 χοῖρον,
493 3515 589 3574 partem
601 3515 718 3577 corperis.
737 3519 781 3566 Est
804 3543 805 3548 ι

14 3569 62 3632 itur
77 3574 110 3622 dria
131 3574 251 3636 στόματος
267 3577 427 3641 perspicuum
446 3581 527 3632 nimis.
540 3609 571 3620 —
596 3588 609 3634 3
626 3589 778 3647 καταγλῶσσ“

13 3643 69 3702 l'od.;
90 3646 236 3707 maesta&
260 3649 333 3698 ἐποίει
352 3651 456 3700 Bruneh.
479 3655 646 3716 Κατάγλωσσα
660 3660 781 3718 ποιήματα

13 3719 88 3764 esunt
100 3729 168 3778 quae,
180 3721 209 3767 ut
217 3717 383 3780 Euphorionis
391 3719 426 3784 [r.
439 3722 699 3778 molestarentur.
711 3742 736 3792 p.
751 3734 779 3780 33

13 3785 74 3848 toul,
85 3787 237 3849 glossematis
266 3791 373 3849 scalam,
391 3791 446 3840 aliis
460 3797 679 3860 κατεγλωττισμένιι
699 3799 778 3860 dicia3

14 3852 62 3902 alter
83 3868 164 3906 sensns
189 3858 286 3920 patebit
312 3859 449 3923 inspicienti
477 3868 606 3925 poetarum
629 3868 778 3920 ereticorum

13 3921 97 3987 ineptias
105 3927 133 3976 de
140 3926 227 3978 basiis.
237 3926 332 3980 Deinde
341 3931 402 3980 Corl.
413 3933 443 3982 τὰ
453 3934 552 3997 φίλιτριι,
565 3935 622 3986 edd.
630 3939 660 3986 τὰ
673 3937 779 4003 ehorp«,
804 3938 805 3945 ’

14 4006 52 4056 qno
64 3997 153 4048 nornine
166 3999 268 4049 liaelrius
284 3998 361 4049 alludi
374 4005 448 4064 putat
461 4003 492 4053 ad
511 4007 557 4063 φίλ’
567 4007 635 4070 irps,
650 4009 693 4071 qui
710 4011 781 4061 lusus

14 4077 50 4112 neu
59 4065 144 4118 dianus
153 4072 192 4120 ast
203 4083 218 4118 a
230 4070 381 4133 reliquorum
393 4074 520 4125 neminum
534 4080 645 4128 acunrine
656 4081 778 4146 ambiguo.

15 4132 46 4182 Sic
57 4149 76 4186 r.
87 4141 99 4186 ι
115 4142 226 4203 ὁμηρικὸς
238 4140 331 4190 dictum
350 4145 388 4191 est
407 4157 450 4206 per
467 4159 494 4195 se
506 4149 532 4196 ct
544 4161 601 4196 curn
620 4149 737 4202 relatione
748 4151 781 4202 ad

16 4215 86 4282 nonen
98 4209 175 4274 μφός,
197 4233 208 4256 ι
230 4213 317 4261 Βοιιι.
328 4211 376 4269 Qui
391 4213 519 4277 ignorabat
540 4217 639 4269 Dobrrei
657 4223 780 4286 egregium

16 4281 131 4339 rurentum,
142 4281 222 4330 καὶτὰ
233 4283 362 4340 hilari,
375 4284 447 4346 cujus
462 4286 571 4336 canuina
585 4289 695 4340 hameris
710 4304 779 4342 amo-

17 4343 70 4393 ribus
82 4349 245 4410 rersabantur,
253 4351 368 4415 idemque
381 4353 559 4416 glosscnraticis
572 4359 659 4410 studiis
674 4362 762 4413 clarus.

38 4521 127 4573 ccxix.
140 4551 170 4562 -
181 4528 235 4576 lton
248 4527 273 4576 in
287 4529 395 4592 δυσώδη,
411 4532 479 4593 quod
494 4535 597 4596 putabat
609 4537 684 4597 Plan,
701 4541 780 4591 sedin

16 4583 131 4640 leihtorern
153 4595 282 4658 scripturn.
307 4625 337 4638 ψ
353 4607 376 4651 a.
393 4619 406 4645 ι
425 4603 469 4652 Est
490 4606 571 4665 φιλεῖς,
594 4619 684 4670 ιιιιιιιι,Ι
707 4612 780 4672 φιιει,

14 4658 120 4710 rethre.
137 4663 204 4714 ldern
217 4666 286 4717 hrsus
302 4683 341 4732 ep.
353 4675 407 4721 252.
423 4693 434 4715 ι·
444 4675 475 4722 B.

39 4807 119 4859 ccxx.
139 4815 238 4865 Lemnia
258 4816 282 4866 in
305 4821 339 4868 RS
359 4841 365 4870 :
388 4823 420 4879 εἷς
435 4823 535 4885 illaesos
557 4843 610 4876 τινα
628 4831 779 4891 καλούμενον.
804 4852 805 4879 ι

16 4878 104 4962 isim·
119 4885 204 4935 Wech.
219 4891 267 4944 ιιις
277 4891 386 4954 reiparte
397 4896 439 4953 τὴν
449 4897 541 4953 ascen
551 4904 591 4956 τῆς
600 4903 718 4959 γυναικός·
732 4903 782 4953 ἔστι
804 4892 805 4959 i

16 4963 106 5009 ιιιιιςιιι
121 4957 200 5033 eripior
218 4957 329 5021 Ἀλφειός.
346 4966 382 5013 Ex
395 4969 454 5016 nota
466 4968 548 5018 tabula
558 4969 666 5021 huminis
682 4973 781 5037 alphei,
804 4997 806 5028 ι

16 5015 40 5066 de
53 5033 95 5080 qua
106 5023 163 5075 ude
178 5033 230 5077 not.
249 5030 281 5080 ad
293 5033 373 5084 ilicet.
393 5039 485 5101 Eugen.
499 5052 523 5102 p.
542 5045 596 5102 207,
608 5043 697 5093 sumsit
710 5043 783 5108 poeta
804 5044 805 5098 ζ

17 5101 88 5172 tomen
101 5097 231 5150 Arethusa.
249 5128 280 5137 -
297 5109 305 5150 ι
325 5105 384 5165 φίλει
401 5109 445 5156 las.
468 5139 496 5146 -
518 5116 540 5159 2.
552 5111 660 5173 haustos
681 5117 782 5178 πέλαγος
803 5129 806 5162 ι

17 5160 243 5232 ιιιιιιιςιιιιιιιςᾳιιιιιιι
253 5171 345 5224 hunius
355 5176 412 5225 olim
423 5179 530 5242 Alpheus
539 5186 650 5232 curreret
658 5185 688 5232 δι’
697 5187 780 5250 ιιιμηι,
803 5175 806 5234 i

19 5238 58 5284 per
72 5235 176 5301 rerhpos
187 5255 274 5307 arcu,
290 5253 315 5298 el
329 5248 439 5314 Alpheus
451 5251 506 5324 ille,
524 5266 621 5317 porcus,
635 5269 683 5305 nou
698 5257 781 5321 hemo,
802 5286 804 5294 ·

859 3297 973 3344 ccxxv.
983 3327 1008 3338 -
1029 3301 1043 3346 3
1057 3298 1084 3346 τὸ
1103 3299 1127 3346 ἐν
1138 3299 1204 3360 pecu
1220 3297 1302 3358 Cod.,·
1312 3303 1377 3348 recte
1391 3299 1459 3350 Plan.
1475 3302 1555 3352 Vertit
1565 3306 1615 3352 hu·-

828 3373 913 3422 sonins
926 3386 965 3436 ep.
983 3374 1058 3422 Clllll
1073 3393 1079 3421 ι

894 3499 948 3540 Tres
957 3508 1005 3542 uno
1015 3497 1039 3540 in
1053 3497 1130 3542 lecto:
1145 3503 1251 3554 stuprum
1268 3501 1315 3543 ιιιιο
1327 3501 1494 3557 perpetiuntur.

923 3559 1006 3604 lltduc
1016 3561 1166 3606 committunt
1181 3576 1187 3603 r
1202 3567 1314 3617 ιιιιιιιιιιοι·
1328 3574 1374 3608 esse
1384 3575 1444 3608 reor.

804 3645 805 3653 ι
896 3621 1003 3668 Falleris:
1017 3624 1126 3667 extremis
1138 3623 1167 3666 da
1176 3625 1265 3680 singula
1276 3626 1387 3680 crimina,
1398 3631 1422 3671 et
1432 3627 1497 3670 illum

921 3685 959 3727 ills
973 3696 1078 3730 numeres
1088 3685 1203 3736 medium,
1220 3688 1259 3743 qni
1272 3686 1326 3732 lacit
1340 3691 1364 3732 et
1375 3689 1467 3744 patitur.

860 3817 985 3868 ccxxvi.
999 3821 1100 3868 Lemma
1115 3840 1122 3868 ι
1138 3821 1308 3882 stercorationis
1328 3822 1412 3872 Latine
1433 3836 1534 3872 versum
1551 3827 1614 3874 llar-

827 3887 892 3937 iialis
907 3888 1036 3938 subtexuit
1046 3889 1215 3954 epigrammati
1230 3891 1254 3940 in
1268 3892 1443 3954 Philaenidem,
1460 3897 1501 3954 lli,
1516 3900 1547 3945 ιι)
1562 3915 1570 3945 ι

894 4019 927 4062 sit
939 4020 979 4063 tihi
996 4025 1056 4064 terra
1071 4021 1140 4078 levia,
1156 4022 1264 4078 mollique
1275 4025 1356 4076 tegaris
1371 4037 1454 4076 arena.

922 4083 955 4126 Ne
966 4087 1004 4126 tua
1015 4094 1061 4126 neu
1073 4087 1161 4140 possint
1174 4096 1255 4129 eruere
1265 4097 1315 4129 ossa
1325 4097 1401 4132 canes.

859 4214 994 4263 ccxxvll.
1013 4241 1042 4250 -
1057 4217 1085 4266 ln
1113 4215 1238 4265 hominem
1260 4219 1404 4280 peremnia
1424 4219 1570 4269 malevolum
1591 4223 1616 4270 et

827 4283 948 4334 invidum.
963 4292 1020 4337 —3
1038 4287 1114 4336 ιιιονιι
1132 4286 1204 4347 cod,
1218 4285 1300 4336 medie
1313 4288 1434 4338 vocabulo
1449 4303 1616 4354 superponens

827 4357 857 4415 ὼ,
869 4354 957 4406 deinde
970 4357 1055 4420 ἁφίεις,
1069 4358 1224 4420 superposito
1244 4378 1268 4416 η,
1290 4359 1383 4409 «Plan.
1398 4363 1459 4410 ἑκών
1481 4380 1511 4413 τι.
1528 4365 1560 4413 Et
1580 4365 1616 4414 sie

826 4424 906 4487 reperi
916 4424 1036 4488 scripturn
1048 4426 1162 4477 inoodice
1176 4433 1244 4478 16³0.
1258 4447 1270 4471 ν
1281 4429 1313 4477 Β.
1324 4429 1392 4480 Idem
1403 4435 1476 4484 estet
1489 4433 1538 4483 ins
1552 4435 1615 4484 cra·

826 4507 896 4544 rnen.

859 4630 1008 4680 CCXXVlll.
1023 4627 1079 4680 '-t
1101 4633 1229 4682 ἀπέκτονον
1247 4633 1309 4683 (lod.
1322 4660 1353 4670 —-
1369 4641 1382 4684 t
1400 4639 1526 4696 lloilrurd;
1546 4640 1615 4690 Plau.

829 4719 841 4744 ι
857 4700 948 4765 OEdipo
961 4705 1102 4764 comparato
1118 4716 1222 4754 acumen
1241 4705 1424 4769 epigrammatis
1442 4709 1494 4773 ipse
1505 4711 1616 4762 retundit

828 4774 925 4830 aneton
940 4785 1017 4834 quum
1028 4785 1073 4822 nec
1082 4775 1187 4823 matrem
1197 4788 1244 4824 nec
1260 4776 1360 4827 tratrem
1370 4779 1488 4830 occiderit
1498 4781 1613 4844 OEdipus,

828 4841 872 4890 sed
886 4841 945 4906 ipsis
965 4842 1052 4904 luerit,
1073 4843 1148 4906 idque
1172 4843 1335 4898 invitissimus
1350 4853 1376 4899 et
1398 4851 1504 4913 luscius,
1529 4852 1616 4902 mortis

828 4924 911 4962 causa.
928 4935 939 4956 n
955 4915 986 4962 B.

860 5045 987 5096 ccxxix.
1003 5077 1033 5087 -
1049 5051 1070 5096 l.
1085 5063 1100 5092 ιι
1120 5046 1159 5099 td
1171 5050 1350 5113 paroemiacum
1367 5051 1479 5116 dictum,
1494 5054 1548 5120 ιὺρε
1566 5059 1604 5107 ιιι

828 5119 868 5167 τὸν
878 5119 970 5182 ἀλιτρόν
984 5120 1027 5181 (ν.
1038 5119 1140 5171 Theocr.
1155 5123 1184 5182 x,
1201 5121 1251 5185 tt),
1264 5122 1362 5173 ridetur
1371 5125 1469 5189 respici.
1486 5149 1497 5170 υ
1513 5131 1567 5179 luc.

1607 5075 1614 5086 ι

1605 5095 1614 5113 Ὶ

860 5254 975 5304 ccxlix.
983 5283 1015 5293 -
1030 5261 1052 5308 ι.
1066 5277 1078 5300 ιι
1089 5259 1138 5316 Qui
1150 5257 1304 5321 rerrjecerunt
1313 5260 1458 5325 ιασταύρων,
1471 5276 1519 5314 non
1530 5264 1616 5314 statim
