3860 5920
557 438 688 502 CAPUT
709 439 787 500 xvi.
811 439 1007 501 APPENDIX
1027 441 1244 504 PLANUDEA.
1645 451 1705 509 599

135 571 263 631 ἀλλὰκαὶ
277 572 305 629 ἐν
319 571 443 648 πολέμοις
460 573 541 643 δεῖξεν
552 572 726 655 άεθλοῳάρον,
953 581 998 634 sed
1010 584 1037 634 et
1047 581 1072 632 in
1084 583 1179 647 proelils
1185 585 1293 635 ostendit
1307 585 1440 644 rictorem,

93 650 148 717 εὖτ’
164 659 206 738 dp·
218 654 298 727 Ἄναξ
312 658 453 737 πολέμιξεν
468 660 538 740 ἔχων
555 662 703 740 Πρασίνους
717 661 857 742 θπσεργοθς
922 670 1020 734 quande
1032 671 1148 736 Princeps
1161 672 1253 722 bellum
1267 671 1366 736 gerebat
1380 673 1493 722 Prasinos
1503 672 1595 721 liabens
1606 671 1702 723 submi·

134 747 214 827 άγρια
228 747 379 827 μαινομένῳ
394 749 480 828 ἐχθρῷ
495 749 658 830 άνανιτορέῳ,
952 763 1038 811 contra
1049 760 1150 812 efferate
1161 761 1322 813 insanientem
1335 760 1432 811 hostem
1442 761 1546 824 imperii,
1596 759 1704 824 [nistros

43 832 59 870 ⁵
92 834 140 892 καὶ
154 835 233 894 πέσεν
247 836 428 918 αίνοτιίραννος
441 837 610 916 ίπιφθιμένης
624 837 683 896 τότε
694 836 815 915 Ῥιίιμης,
922 847 948 895 et
958 845 1047 896 cecidit
1058 849 1271 910 sevus-tyrannus
1283 848 1408 912 pereuntis
1420 851 1480 898 tunc
1490 851 1583 909 Romae,

133 915 208 1004 ἦμαρ
224 925 248 984 δ’
264 924 394 997 Αὐσονίης
408 916 485 996 ἦλθεν
500 924 653 1005 ἐλευθερίης.
877 947 882 957 ·
952 932 1006 984 dies
1020 936 1102 984 autem
1114 934 1306 984 Ausonimvenit
1319 935 1448 987 libertatis.
1550 934 1701 1000 [ilabebant.

90 1011 211 1072 Τυῦνααα
226 1021 279 1080 τοῖς
290 1013 338 1092 μὲν
347 1013 442 1072 ἔδωκεν
454 1012 533 1081 'duni
547 1013 641 1094 γέρας,
654 1016 688 1082 ὡς
700 1016 781 1094 πάρος
794 1005 876 1095 εἶχον,
921 1023 1074 1086 Quapropter
1089 1021 1125 1072 eis
1137 1022 1240 1085 quidem
1253 1023 1322 1073 dedit
1337 1023 1452 1088 Princeps
1461 1023 1545 1086 decus,
1554 1023 1621 1086 quod
1633 1022 1700 1086 prius

132 1098 177 1161 σθν
193 1100 220 1160 δὲ
232 1100 313 1160 τύπον
326 1100 406 1182 τέχνη
420 1099 508 1175 ἔξεσε,
525 1103 672 1183 Πορριίριε.

376 1236 460 1302 ’νᾶα
480 1253 575 1301 suno.

88 1382 245 1463 Ὑμετίριυν
257 1383 369 1466 κήρυκες
383 1384 518 1466 θμεμφέες
533 1385 597 1445 εἰσίν
614 1384 722 1464 ἀγώνιον

131 1474 211 1532 οἱκαὶ
227 1475 274 1532 ἀπ’
288 1471 426 1546 ἀντιθέων,
444 1473 595 1553 Πορρύριε,
610 1473 743 1552 στέφανοι.

91 1560 201 1629 Πάντας
214 1559 266 1641 γὰρ
277 1560 421 1620 σταδίοισιν
437 1563 585 1638 ἆμοιὸαθὸν
601 1561 656 1621 αἰὲν
672 1561 788 1640 ἐλέγχεις

131 1648 314 1728 ἀντιτέχνους,
329 1652 376 1719 τῆς
388 1652 436 1719 σῆς
448 1649 568 1726 παίγνιον
583 1647 741 1720 ίπποσάνης.

89 1734 210 1799 Τοῦνεκα
224 1737 270 1796 καί
282 1735 363 1806 ξεῖνον
377 1735 521 1816 πρεσθήῖον
537 1735 617 1816 εὕραο
631 1742 740 1814 μοῦνος,
797 1767 806 1781 ι

130 1823 218 1884 είιιάνα
232 1824 359 1904 χαλκείην
372 1825 449 1904 δήμῳ
464 1827 490 1882 ἐν
505 1824 657 1906 άμρστίρῳ.

393 1977 455 2028 8⁵2.
476 1980 573 2026 ΑΛΛΟ.

11 2155 13 2160 -
90 2108 220 2180 littam<
229 2109 331 2191 χαλκθν
349 2110 449 2179 ἔτευξεν
463 2111 563 2188 ὁμοίϊον
578 2116 701 2192 ἡνιοχῆί·

131 2195 183 2255 είθε
197 2196 225 2256 δὲ
234 2196 281 2256 καί
295 2197 389 2277 τέχνης
403 2199 482 2276 ὄγκον
501 2202 698 2278 ἀπειργάσατο,

89 2285 169 2362 ίγκον
184 2290 249 2364 θμοῦ
262 2286 309 2346 καί
322 2287 427 2355 κάλλος·
444 2288 509 2367 ὅπερ
521 2291 597 2369 φύσις
608 2293 654 2370 ὀψὲ
669 2297 780 2351 τεκοῦσα

130 2372 244 2453 ὤμοσεν·
257 2375 373 2436 Ὦθίνειν
388 2375 507 2457 δεύτερον
520 2380 550 2437 οὐ
564 2377 690 2457 δύναμαι.

89 2459 213 2539 Ὤμοσεν
228 2464 341 2544 εθάρκοις
353 2465 403 2523 barb
415 2465 525 2544 χείλεσι·
541 2469 685 2547 Πορρυρίῳ
698 2469 749 2550 γάρ

129 2551 227 2632 πρώτῳ
238 2552 284 2611 καί
297 2553 387 2633 μούνῳ
403 2562 493 2612 πᾶσαν
507 2554 588 2614 ἔδωκε
604 2556 693 2636 χάριν.

394 2700 456 2752 353.
476 2705 571 2751 talto.

91 2841 126 2900 Ei
140 2839 229 2920 φθόνος
246 2841 371 2921 ἠρεμίαν,
383 2841 480 2923 κρίνειν
496 2845 518 2900 δ’
533 2843 644 2903 ἐθέλοιεν
658 2845 782 2918 ἀέθλους,

129 2928 225 2996 πάντες
239 2930 389 3009 Πυρφυρίου
401 2931 531 3011 μάρτυρές
543 2934 594 2990 είσι
605 2933 702 2993 πίνων·

90 3013 132 3072 ναί
146 3015 218 3097 τάχα
229 3018 274 3076 καί
286 3017 397 3098 φήσαιεν
412 3019 605 3097 ἀριθμήσαντες
617 3025 729 3099 ἀγῶνας·

133 3103 212 3163 Βαιθν
223 3111 299 3164 τοῦτο
311 3105 389 3186 γέρας
400 3106 547 3166 τοσσατίων
562 3109 700 3184 καμάτων.

88 3191 180 3252 ‘Onon
195 3190 245 3274 γάρ
256 3200 383 3274 ἡνιοχῆας
398 3194 441 3266 ἀεί
455 3197 636 3275 μεμερισμένα
651 3208 758 3278 κοσμεῖ,

129 3281 166 3346 είς
176 3277 204 3338 ἓν
219 3280 375 3354 ἀολλίσσας,
390 3282 496 3356 τηλίκος
510 3285 629 3367 ἐξεφάνη.

393 3417 455 3470 354.
473 3419 571 3474 illito.

88 3535 223 3613 Αίδομίνη
234 3539 327 3619 χαλκῷ
344 3563 373 3597 σε
385 3540 474 3614 πόλις,
489 3542 644 3620 τριπάθητε,
660 3543 785 3622 γεραίρει·

128 3627 204 3696 ἤθελε
214 3626 265 3706 γθρ
277 3631 378 3706 χρυσῷ·
395 3629 454 3685 ἀλλ’
469 3627 522 3687 ἴδεν
538 3633 563 3694 ἐς
573 3630 703 3705 Νέμεσιν,

85 3715 120 3774 Εἰ
136 3715 164 3772 δὲ
173 3711 235 3786 τεὴν
250 3715 359 3791 μέλπων
375 3718 405 3774 οὖ
421 3719 632 3788 aeternitaten
647 3719 723 3794 νίκην

118 3883 155 3932 Aa
167 3883 231 3948 justa
245 3893 281 3932 est
292 3885 375 3933 molem
388 3884 453 3935 bella
465 3896 546 3935 secuta
559 3903 639 3937 comes
651 3924 659 3949 ,

83 3973 214 4016 incensum
227 3967 296 4017 iuriis
309 3969 451 4020 sanctinum
464 3970 577 4019 culminis
592 3970 687 4022 bostem

117 4055 244 4122 Oppressit
257 4057 354 4106 Prasina
368 4073 418 4108 non
433 4056 485 4106 sine
497 4061 574 4108 Caesar
587 4076 649 4126 ope;

83 4141 147 4188 Cum
159 4137 246 4189 cecidit
256 4143 334 4188 Roma
342 4139 440 4205 jamjam
453 4151 574 4207 pereunte
587 4151 720 4208 tyrannus,

119 4219 254 4287 Litteraque
265 4223 372 4271 Ausonio
386 4221 448 4272 luxit
461 4223 488 4271 in
501 4223 561 4272 orbe
576 4223 635 4274 dies.

82 4309 128 4354 Jus
143 4303 198 4354 ideo
212 4304 326 4371 Princeps
341 4313 410 4356 vetus
421 4305 469 4355 illis
480 4305 586 4355 reddidit
601 4322 608 4356 :
623 4315 649 4356 at
662 4316 699 4368 te,

119 4387 270 4454 l’orplryrie,
283 4388 323 4438 liic
337 4389 417 4455 posuit
430 4389 500 4439 docta
512 4391 590 4456 polire
604 4407 696 4441 manus.

370 4508 429 4560 351.
442 4512 479 4557 De
490 4505 581 4558 eodem.

83 4621 234 4688 Porphyrie,
248 4623 330 4672 eximii
342 4619 386 4672 tibi
399 4632 456 4673 sunt
469 4614 624 4673 monumenta
633 4623 738 4687 laboris,

119 4712 177 4757 Pars
191 4707 291 4757 aduersa
302 4708 374 4756 etiam
387 4725 439 4773 quae
454 4707 499 4756 libi
511 4718 576 4757 serta
587 4708 663 4758 dedit.

83 4795 206 4840 Exercent
219 4790 282 4840 Circi
296 4806 355 4856 quos
370 4807 475 4856 namque
489 4791 613 4856 pericula,
629 4807 693 4840 nunc
705 4790 767 4850 hos,

118 4873 191 4924 Nunc
200 4870 270 4934 illos,
285 4873 369 4922 ludum
383 4882 410 4922 tu
424 4872 482 4923 sucis
493 4889 544 4921 esse
557 4873 611 4924 tibi.

84 4959 146 5006 llinc
161 4952 207 5006 tibi
219 4969 319 5020 magnus
330 4954 425 5018 bonos,
438 4965 464 5004 et
478 4955 519 5019 qni
532 4971 581 5004 uon
593 4955 679 5020 obtigit
690 4955 748 5018 ulli,

119 5043 208 5089 AEneus
222 5047 250 5088 ut
261 5047 343 5088 teneas
354 5047 424 5105 parte
436 5038 461 5087 in
476 5047 578 5104 utraque
590 5038 679 5088 locum.

372 5155 429 5205 352.
445 5157 482 5201 De
495 5151 586 5203 eodem.

81 5254 180 5321 Aurigae
193 5253 296 5306 similent
311 5255 353 5305 dat
363 5255 443 5322 pictor
453 5255 477 5306 iu
491 5271 538 5304 aere
550 5254 648 5320 liguram
664 5275 672 5305 ι

951 1110 1020 1159 tuaru
1033 1121 1092 1160 iero
1105 1110 1209 1160 formam
1217 1123 1257 1160 ars
1270 1110 1413 1174 perpolivit,
1423 1124 1439 1160 ο
1449 1109 1577 1176 Ροηοίιγοί.

1219 1268 1274 1315 ³51.
1295 1275 1405 1317 ALIUD.

896 1348 901 1452 ί
921 1395 1030 1442 Tuorum
1043 1407 1170 1456 precones
1183 1394 1302 1458 inculpati
1314 1397 1372 1446 sunt
1385 1395 1547 1446 certaminum

951 1482 1026 1531 etiam
1038 1481 1069 1531 ab
1082 1481 1230 1533 adversariis
1241 1482 1320 1543 ἀμία,
1333 1497 1349 1532 ο
1361 1484 1488 1548 Porplqn‘,
1503 1496 1609 1534 corone.

921 1570 1030 1618 cunctos
1041 1568 1107 1620 euim
1118 1568 1144 1618 in
1157 1569 1243 1620 stadiis
1253 1572 1415 1632 permutando
1426 1585 1505 1635 usque
1514 1571 1591 1622 vincis

950 1657 1130 1720 antagonistas,
1142 1660 1194 1707 tuan
1205 1657 1288 1708 lusum
1300 1657 1608 1722 immitendo-sollertiae.

921 1747 1076 1810 Quapropter
1101 1749 1127 1796 et
1147 1746 1273 1796 insolitum
1293 1748 1561 1813 venerationis-signum
1586 1747 1702 1798 invenisti

949 1833 1078 1897 imaginem
1090 1847 1183 1884 teneam
1196 1835 1287 1899 populo
1297 1836 1323 1884 in
1335 1839 1448 1899 utroque.
1607 1835 1615 1898 l
1622 1836 1699 1896 solus,

1220 1975 1277 2022 352.
1300 1983 1407 2026 Atlun.

920 2117 1034 2180 sculptor
1046 2129 1081 2167 aas
1092 2115 1220 2169 fabrefecit
1232 2117 1311 2169 simile
1322 2120 1426 2184 aurigae;

950 2204 1042 2254 utinam
1051 2219 1111 2255 vero
1123 2209 1148 2256 et
1160 2206 1220 2256 artis
1234 2207 1419 2270 amplitudinem
1429 2207 1575 2267 effinxisset,

919 2293 1103 2356 amplitudinem
1115 2294 1188 2344 simul
1203 2297 1229 2344 et
1240 2295 1462 2357 pulchritudinem!
1475 2309 1533 2358 qme
1545 2297 1632 2345 natura
1646 2308 1703 2346 sero

947 2380 1060 2442 iuravit:
1075 2380 1200 2431 Parturire
1218 2382 1355 2432 meandum
1370 2395 1418 2431 non
1436 2383 1514 2432 valeo.
1615 2381 1704 2446 [enixa

918 2471 1016 2519 durant
1030 2469 1144 2521 veridicis
1156 2469 1187 2521 de
1198 2471 1287 2521 labiis:
1300 2471 1434 2535 Porphyris
1448 2472 1512 2522 enim

950 2557 1029 2620 primo
1040 2563 1065 2608 et
1078 2559 1124 2608 soli
1135 2568 1232 2609 onlnem
1244 2558 1313 2610 dedit
1326 2560 1445 2622 gratiam.

1212 2709 1267 2755 ast.
1295 2717 1399 2761 aurun.

919 2845 944 2894 Si
955 2845 1047 2896 invidia
1062 2845 1185 2910 quiescat,
1193 2847 1303 2908 judicare
1317 2851 1400 2897 autem
1409 2846 1469 2898 velit
1480 2847 1593 2909 labores,

950 2945 1036 2983 omnes
1051 2933 1181 2998 Porphyrii
1194 2937 1271 2986 testes
1283 2937 1341 2984 sunt
1352 2934 1520 2994 conaminnm3

920 3035 959 3071 πο
969 3021 1033 3072 torte
1044 3025 1070 3072 et
1083 3022 1166 3072 dicant
1176 3025 1335 3074 numerantes
1349 3023 1500 3074 certamina:

949 3113 1058 3161 Parvum
1072 3110 1120 3161 hoc
1129 3112 1259 3175 preamium
1271 3116 1424 3162 tot-numero
1436 3110 1559 3162 laborum.

919 3205 1088 3264 Quaecumque
1099 3201 1163 3252 enim
1179 3201 1276 3266 aurigas
1291 3200 1476 3266 semperdirisa
1491 3203 1594 3264 ornant,

949 3289 980 3338 iis
994 3289 1025 3338 ab
1035 3289 1116 3340 hocin
1128 3297 1205 3340 unum
1218 3291 1339 3350 collectis,
1354 3293 1438 3340 tantus
1452 3289 1577 3353 apparuit.

1214 3429 1269 3477 354.
1292 3439 1399 3482 ALlUD.

919 3558 1033 3608 beveriis
1043 3572 1093 3609 mre
1107 3563 1133 3608 te
1146 3558 1220 3620 urbs,
1237 3557 1466 3617 oter-desiderate,
1476 3545 1632 3606 'remuneratz

949 3646 1047 3697 volebat
1054 3649 1080 3697 et
1093 3660 1155 3697 auro
1170 3645 1231 3697 :sed
1240 3645 1444 3708 oculos-coniecit
1452 3645 1476 3693 in
1486 3642 1608 3693 Nemesin.

918 3733 944 3783 si
955 3747 1015 3784 vero
1025 3739 1095 3786 tuam
1106 3749 1196 3786 canons
1206 3749 1254 3784 non
1266 3737 1349 3786 cessat
1360 3736 1503 3784 cousuetam
1514 3730 1644 3780 uictoriam

1629 3840 1687 3850 ·---

954 3897 1019 3945 Artis
1033 3904 1058 3945 at
1070 3912 1084 3945 o
1095 3897 1187 3946 utiuam
1197 3897 1245 3946 vim
1255 3897 1326 3944 simul
1340 3896 1381 3944 ille
1392 3895 1469 3944 daret.

918 3976 1024 4042 Vimque
1036 3979 1155 4044 decusque
1169 3977 1239 4027 simul
1254 3977 1345 4043 stupuit
1359 3977 1472 4025 Natura:
1486 3973 1551 4046 quod
1563 3971 1615 4038 ipsa

951 4061 1084 4125 Etjurans,
1096 4060 1189 4109 Parium
1201 4059 1236 4109 nil
1251 4073 1293 4124 ego
1305 4058 1394 4123 majus,
1407 4057 1450 4105 ait.

917 4144 1013 4193 Joravit
1026 4143 1121 4209 liquido
1136 4161 1143 4192 ι
1157 4157 1261 4206 namque
1273 4141 1338 4190 illius
1349 4139 1430 4189 omnia
1440 4153 1493 4205 qme
1503 4145 1560 4186 sum

952 4229 1055 4276 Munera
1068 4225 1215 4292 Porphyrius
1227 4225 1319 4290 primus
1335 4233 1360 4273 et
1372 4239 1434 4272 unus
1446 4220 1531 4272 habet.

1202 4341 1260 4388 ³53.
1280 4343 1316 4388 De
1329 4337 1421 4388 eodem.

917 4459 942 4509 Si
957 4458 1034 4508 liuore
1049 4457 1134 4524 procul
1149 4473 1187 4507 rea
1201 4455 1380 4521 cognoscenda,
1392 4453 1503 4504 laborum

951 4538 1079 4606 Porphyrii
1093 4539 1159 4588 testis
1172 4538 1275 4604 quilibet
1287 4553 1337 4586 esse
1347 4546 1427 4602 potest
1440 4551 1447 4586 τ

916 4625 948 4672 Et
956 4637 1083 4671 numerare
1093 4621 1149 4671 velit
1161 4619 1267 4687 quisquis
1278 4619 1425 4678 certamina,
1437 4617 1517 4666 dicet:

951 4711 997 4756 Pro
1012 4705 1086 4755 tantis
1095 4704 1187 4753 meritis
1197 4713 1232 4752 est
1246 4703 1324 4752 honor·
1336 4703 1381 4750 iste
1391 4717 1486 4766 parum.

917 4788 1018 4853 Aurigas
1026 4787 1086 4836 alios
1097 4797 1184 4837 ornant
1198 4801 1251 4852 qum
1264 4783 1370 4849 singula,
1381 4782 1445 4831 aolus

950 4873 979 4919 In
993 4886 1019 4920 se
1034 4869 1195 4936 complectens
1209 4867 1304 4929 omnia,
1319 4865 1372 4915 talis
1384 4873 1446 4914 erat.

1202 4982 1260 5037 354.
1277 4975 1419 5030 Decedam.

916 5089 1005 5136 Gratus
1016 5084 1098 5134 intere
1110 5081 1284 5148 oolitpopulus
1298 5090 1323 5130 te
1337 5088 1422 5129 totus:
1439 5077 1464 5127 in
1478 5093 1537 5127 auro

949 5169 1084 5234 Maluerat,
1096 5169 1121 5218 ni
1134 5183 1172 5216 res
1181 5165 1297 5215 insidiosa
1309 5164 1380 5216 toret
1430 5161 1432 5164 ’

916 5251 962 5302 Sed
975 5267 1110 5301 memorare
1121 5260 1174 5300 tuas
1185 5265 1234 5300 non
1246 5257 1321 5298 cessat
1333 5246 1439 5297 carmine
1453 5244 1561 5312 palmas,
