3728 5918
188 445 248 504 466
467 435 728 497 ANTHOLOGIAE
750 434 957 495 PALATINAE
980 433 1017 494 m
1041 434 1166 496 CAPUT
1190 434 1256 495 xlii
1279 433 1511 495 ammomum.

190 586 232 640 per
246 573 333 622 vinum
345 583 462 635 maprum
478 571 578 632 poetam
598 568 692 618 lactum
708 567 847 618 cratinum.
871 587 884 612 a
901 569 971 616 Her·
1020 567 1261 628 lacitutcredamus‚
1272 567 1416 616 Timocreon
1428 564 1643 627 oarmenepicum
1652 565 1793 618 Remulum

188 658 291 704 mann„
308 645 369 694 item
383 641 486 692 flectar.
507 641 533 690 et
549 638 695 688 .ttuschhius
708 639 777 691 Anat.
800 638 855 688 crit.
880 651 905 702 p.
933 641 972 688 27.
1018 638 1171 702 completum
1185 638 1221 688 ita
1237 650 1342 688 exorsus
1356 641 1429 688 erat:

188 715 396 764 attienaeoautem
406 710 523 775 τοιγάρτοι
534 709 616 772 (codd.
625 711 759 773 τοιγαροῦν)
770 709 890 771 στεφάνων
902 709 973 792 δόμος
1081 733 1169 784 Μοῦσά
1190 731 1535 798 μινρλκμῆνηζκαλὶωῴρω
1546 733 1599 781 υἱὸν
1613 731 1687 780 ἄειδε.

188 789 267 850 etpost
281 783 426 842 exhibente,
440 794 491 846 pro
512 784 584 843 μέγας
606 782 659 831 Jac.
677 781 736 830 olim
756 778 864 845 μέγαρ’
885 779 973 841 edtdn,

189 871 246 906 cum
257 853 386 905 sententiaa
401 852 564 908 detrimento3
576 865 623 902 nec
633 849 785 916 probabilius
797 851 864 916 quod
878 849 973 900 Metue-
1018 851 1046 899 la
1056 860 1105 910 quo
1114 860 1189 898 versu
1197 847 1281 897 nescio
1289 846 1349 910 quid
1356 846 1586 911 reprehendendum
1597 845 1734 910 intelligens
1739 859 1788 911 pou

189 927 282 988 hiusp.
300 921 466 986 155conjecit‚
480 923 569 984 δέμας
582 922 671 983 ἔδομεν,
685 939 697 964 α
709 933 764 970 nam
776 933 825 970 non
841 919 915 984 capiti
931 933 972 968 sc-
1018 919 1094 979 ceus‚
1110 917 1197 970 eadem
1211 917 1286 968 verbe
1298 917 1556 982 transpositaetticere
1574 920 1788 970 tetnmetmrutro

188 998 248 1056 turn,
260 994 387 1046 sedetiam
398 993 461 1044 collo
470 995 496 1044 et
505 991 613 1043 brachiis
624 992 729 1042 corollas
737 991 903 1042 circumdatas
919 1004 973 1041 esse
1019 988 1132 1042 chalcum
1145 989 1260 1040 docebat.
1276 1009 1288 1034 ν
1302 988 1489 1040 cuitusuitusu
1501 988 1577 1039 eimiti
1593 991 1621 1039 et
1631 989 1788 1043 acerbiorem

188 1070 295 1118 constat.
306 1086 318 1109 ν
330 1069 407 1128 Δομος
419 1064 547 1116 Hactenus
557 1068 640 1114 ortum
648 1067 720 1128 putat
730 1076 761 1112 ex
769 1062 889 1113 varietate
902 1063 974 1119 πολὺς
1018 1061 1117 1126 spondit
1136 1062 1294 1123 Timocreon,
1320 1082 1332 1105 ι
1347 1060 1478 1111 simonidia
1505 1061 1687 1111 hexametrum
1709 1061 1745 1124 (iu
1757 1077 1790 1126 pn

188 1143 277 1205 ἔΰρναν.
291 1141 320 1188 tn
335 1137 383 1187 line
401 1148 492 1186 versus
505 1141 578 1200 κιττῷ
592 1134 652 1186 Ath.
665 1161 697 1170 -
714 1133 779 1184 eota
794 1134 835 1182 eei
848 1134 879 1183 σὺ
897 1134 972 1194 Αῑλ.;
1018 1135 1145 1194 Κηλανοι
1164 1148 1215 1185 non
1229 1133 1283 1184 sine
1304 1133 1408 1184 andacia
1422 1133 1506 1196 posita
1516 1137 1556 1184 eet
1574 1133 1634 1183 loco
1652 1132 1790 1194 molossiih

187 1212 319 1274 coriluneta
337 1207 461 1272 scripture
478 1211 583 1270 utraque
595 1207 679 1270 ολάπιρ
692 1206 722 1256 σὺ
740 1205 879 1256 Hecierns.
897 1224 910 1250 a
932 1211 974 1256 ltc-
1018 1204 1122 1255 similem
1142 1217 1245 1255 versum
1261 1203 1416 1255 tremateum
1433 1202 1609 1253 transformari
1631 1215 1707 1265 posse
1723 1205 1790 1266 ροολν.

186 1284 346 1346 monentem,
358 1280 376 1330 l.
390 1292 413 1330 e.
427 1279 580 1341 terrppc'voo.
595 1277 717 1328 Talentm
731 1279 745 1327 ὁ
763 1277 847 1333 κισσὸς
858 1277 972 1340 repondere,
1018 1278 1106 1326 turus.
1129 1277 1194 1335 Quae
1210 1274 1352 1337 conjecture
1362 1275 1447 1325 nostra
1461 1273 1483 1324 ei
1495 1273 1587 1329 stabit.
1602 1271 1638 1322 ad
1656 1272 1720 1322 duas
1733 1277 1791 1325 iteu-

188 1357 292 1406 Theocr.
306 1355 327 1416 l,
346 1355 384 1402 ut.
401 1371 413 1394 n
434 1351 493 1402 loc.
506 1351 560 1399 lton
577 1363 641 1413 opus
659 1353 698 1400 est
713 1348 779 1399 enim
791 1347 846 1398 haec
867 1349 902 1398 ita
917 1361 972 1412 pre·
1018 1346 1084 1396 cleas
1091 1350 1222 1408 poetarum
1234 1345 1395 1403 Rhodiorum,
1410 1342 1692 1394 Pisandricamireusis
1704 1346 1792 1395 etPisn

186 1439 253 1476 mere
265 1437 324 1475 cum
337 1421 448 1474 mnueio
466 1422 585 1484 :propter
594 1423 741 1486 perpetuam
756 1420 917 1482 gestationem
929 1434 972 1469 oo-
1018 1415 1107 1476 Lindii,
1121 1414 1162 1465 cui
1181 1415 1330 1465 Pisandrum
1349 1414 1494 1465 Heracleam
1511 1427 1584 1464 suam
1599 1413 1751 1464 sonantum
1762 1419 1794 1468 ori

186 1511 253 1548 rona
271 1495 414 1546 hederaceae
437 1492 543 1542 frontem
564 1495 646 1554 poete
670 1491 752 1541 colore
776 1491 842 1540 croci
857 1489 972 1540 inlectam
1017 1487 1126 1538 minatur
1145 1485 1465 1537 dicmensntex.stromm.
1479 1487 1524 1546 Vi,
1537 1501 1563 1549 p.
1577 1492 1638 1545 ece,
1654 1487 1793 1537 acoedettr-

187 1569 273 1618 tuisse.
753 1581 758 1592 ·
1018 1558 1052 1608 tia
1064 1557 1215 1609 dicacissimi
1228 1561 1308 1621 poetes
1320 1557 1497 1607 Timocreontis
1511 1557 1607 1619 tutysii.
1629 1577 1642 1600 ο

1048 1687 1135 1736 XXXI.
1146 1687 1265 1736 Lemma:
1281 1687 1337 1747 Τνμ.
1347 1685 1383 1734 ‘P.
1397 1684 1494 1746 ὁμοίως.
1504 1683 1584 1733 tidem
1596 1685 1707 1737 numeri.
1718 1683 1756 1732 sed
1767 1699 1794 1734 rr·

217 1755 291 1804 XXX.
302 1755 405 1802 Lemma
415 1772 421 1802 ν
434 1753 489 1815 Σιμ.
501 1751 633 1815 ἑξάμετρος,
645 1753 687 1800 καλ
700 1750 769 1805 οὗτος
784 1748 860 1812 (alter
869 1750 972 1808 versus)
1017 1755 1106 1806 (liores,
1115 1755 1249 1806 Derevide
1257 1759 1309 1805 nol.
1320 1754 1425 1818 praeced.
1434 1779 1467 1791 -
1478 1759 1499 1804 t.
1514 1757 1542 1804 tn
1551 1754 1621 1812 Κηΐα
1631 1753 1715 1803 media
1725 1755 1796 1804 varaia

184 1826 310 1890 τροχαῑνὸς
334 1823 486 1886 τετράμετρα
508 1822 572 1871 κατὰ
594 1821 717 1883 μετάθεσιν
737 1825 778 1880 τῆς
795 1821 886 1877 λέξεως.
910 1819 962 1870 God
1017 1825 1152 1890 producta,
1177 1828 1250 1890 quasi
1270 1844 1300 1876 ιι.
1315 1824 1414 1876 Jacobs.
1431 1825 1550 1888 Φλναρία,
1565 1829 1595 1876 ut
1609 1837 1706 1874 nornen
1721 1825 1796 1874 isnin

185 1898 342 1961 καλλίσφυρον
353 1897 548 1956 utroqueversu.
560 1894 628 1942 lntor
640 1891 882 1953 ssatpeesimonidis
890 1892 973 1955 posuit
1017 1895 1144 1960 proprium
1167 1898 1211 1958 (at
1230 1897 1255 1945 in
1270 1909 1325 1960 seq.
1348 1909 1373 1945 v.
1404 1895 1521 1958 φλυαρία)
1545 1895 1643 1960 :quod
1667 1895 1796 1949 inanima

185 1967 273 2030 Bergk.
286 1981 310 2029 p.
329 1971 390 2024 9223
407 1963 506 2014 remita
525 1963 660 2013 scitabere
680 1963 820 2026 suspicatur
837 1963 971 2013 Schneide·
1017 1980 1092 2029 quam
1113 1966 1215 2018 certius.
1240 1969 1327 2018 Potest
1346 1968 1413 2017 enirn
1431 1966 1507 2028 iocus
1521 1980 1577 2018 esse
1595 1968 1623 2018 in
1646 1967 1795 2028 nimine

185 2039 244 2087 viu.
260 2035 395 2100 (Simonid.
416 2034 510 2097 tietiqq.
524 2049 548 2099 p.
566 2033 629 2097 219)
647 2055 653 2084 :
668 2033 811 2084 inimicitias
823 2033 899 2084 luisse
910 2034 973 2084 inter
1017 2038 1084 2101 prior
1096 2051 1183 2089 versus
1191 2037 1331 2096 Simonidis,
1344 2037 1409 2088 atter
1420 2037 1602 2088 Timocreontis
1616 2038 1752 2096 habeatem
1763 2053 1794 2101 po

184 2106 335 2158 Simonidem
346 2107 373 2156 et
388 2103 584 2155 Timocreontem
595 2105 732 2166 Rhodium,
746 2105 821 2155 etiam
834 2104 972 2154 Themisto
1016 2111 1067 2158 test
1080 2121 1179 2170 quoque
1202 2108 1227 2157 in
1245 2109 1320 2158 simili
1339 2121 1411 2168 esse.
1431 2109 1493 2159 dum
1505 2111 1656 2160 Timocreon
1675 2111 1721 2158 cei
1732 2117 1795 2174 portu

185 2179 230 2228 ctis
250 2178 390 2236 inimicum,
405 2179 469 2226 teste
485 2175 556 2238 Diope.
580 2181 608 2228 1..
636 2180 667 2242 11,
679 2183 724 2237 25,
738 2182 778 2236 46,
804 2179 829 2228 et
854 2177 930 2228 suida
946 2191 971 2227 v.
1018 2178 1186 2241 nugacitatem
1201 2178 1257 2242 ipse
1273 2180 1409 2230 metrorum
1429 2181 1572 2229 recursuet
1587 2179 1725 2229 rethorum
1741 2182 1794 2230 nnti-

184 2248 320 2312 ·Ιλμοαρὲων
333 2247 368 2295 Ῥ.
381 2245 452 2310 (coit.
465 2245 591 2298 Plutarch.
610 2247 728 2300 Themist.
743 2262 765 2298 c.
779 2249 889 2313 2t);qui
900 2253 972 2313 poeta
1017 2260 1064 2312 pne
1083 2247 1215 2299 iteratione
1231 2249 1342 2314 lapidare
1352 2249 1442 2300 votuit.
1458 2276 1491 2286 -
1505 2257 1528 2300 λ.
1542 2269 1556 2291 ι
1578 2251 1608 2300 in
1627 2251 1734 2299 ἐλιλαντα
1750 2257 1794 2314 pcto

185 2317 276 2380 lyricus
295 2336 307 2362 ι
324 2329 401 2380 quum
424 2315 456 2366 ab
476 2305 615 2368 Scholiasta
635 2317 660 2368 iu
681 2318 807 2382 Aristoph.
830 2321 891 2370 Rau.
913 2326 970 2371 1337
1019 2323 1043 2368 ta
1057 2319 1161 2381 produci
1177 2331 1249 2383 posse
1265 2319 1297 2370 ob
1315 2321 1366 2371 vim
1387 2321 1516 2384 sequentis
1539 2319 1657 2384 liquidae.
1682 2323 1793 2384 Suntque

185 2388 295 2444 ἐποποιός
309 2388 402 2438 dicitur
415 2387 550 2452 (certatim
562 2387 610 2438 viri
625 2388 693 2440 docti
707 2389 830 2451 μελοποιός
842 2391 971 2442 emendan-
1016 2389 1042 2438 id
1059 2389 1157 2440 tirment
1170 2391 1283 2454 exempta
1293 2391 1318 2441 in
1332 2393 1406 2452 φίλος,
1417 2391 1495 2454 ψιλός,
1509 2391 1574 2450 aliis,
1592 2391 1677 2454 prima
1687 2391 1794 2454 producta

184 2459 243 2508 dum
261 2461 419 2517 censuerunt,
430 2461 615 2524 praepropere),
632 2460 764 2510 Simonidis
780 2462 904 2513 cavillatio
918 2465 971 2512 tum
1017 2459 1080 2510 tlibi
1092 2460 1186 2510 moui.
1199 2481 1211 2504 ν
1223 2463 1256 2510 Β.
1273 2463 1306 2511 λλ
1319 2461 1457 2512 docnemot
1469 2463 1576 2521 metrici,
1588 2460 1652 2511 nihii
1670 2475 1724 2512 esse
1736 2463 1794 2512 olla·

182 2527 283 2580 demum
296 2527 420 2579 hominem
436 2530 566 2593 pungebat,
583 2530 614 2590 si,
633 2531 699 2595 quod
716 2531 769 2594 ipsa
789 2531 829 2582 itta
848 2533 972 2584 cavillatio
1016 2531 1092 2582 sionis
1108 2531 1134 2581 in
1147 2531 1246 2595 dactylo
1260 2533 1346 2595 primae
1359 2533 1426 2582 sedis
1440 2535 1589 2582 tetrametri.

855 2695 1123 2723 *nu-0.—

217 2880 293 2923 Alth.
305 2879 351 2923 ΕΤ
361 2879 459 2925 cohil.
475 2901 502 2913 -
520 2877 573 2924 ΧΧ.
583 2902 616 2911 -
629 2881 652 2924 t.
668 2878 749 2933 Quum
762 2876 862 2927 minime
871 2876 971 2926 terenda
1014 2878 1077 2940 αλλ,
1093 2877 1159 2926 nulla
1170 2877 1329 2928 annotatione
1345 2895 1351 2928 ι
1366 2882 1393 2929 ut
1407 2878 1448 2928 ille
1465 2879 1488 2928 in
1507 2864 1555 2929 sua
1572 2879 1690 2943 opinione
1704 2881 1787 2931 natiso

184 2943 357 3007 interpretatio
380 2942 503 3005 videatur,
520 2957 570 3007 que
587 2946 669 2994 τέκνον
694 2948 744 3009 pai.
763 2949 807 3004 Γῆς
831 2946 863 2996 ad
883 2945 970 3006 tibias,
1016 2945 1140 3009 putandus
1158 2944 1199 3002 sit.
1213 2959 1270 3008 quoe
1284 2959 1343 2997 eane
1362 2946 1467 2998 adversa
1483 2949 1563 2999 minito
1585 2951 1629 3000 eet
1642 2948 1788 3014 probabilior.

186 3015 237 3064 sive
249 3028 279 3065 ex
302 3013 423 3065 arundine
447 3018 603 3080 compactas,
626 3015 678 3066 eive
692 3021 828 3078 argenteas,
846 3017 970 3075 referunt,
1016 3019 1068 3080 Ego
1084 3021 1167 3068 autem
1188 3017 1220 3067 de
1234 3019 1343 3080 μελαίνης
1362 3017 1436 3068 valde
1453 3017 1543 3069 duhius
1564 3031 1637 3081 sum,
1656 3019 1793 3080 libentem

183 3085 283 3134 «amcino
300 3083 437 3134 revocanda
459 3085 706 3146 migetianorum
722 3099 796 3149 quam
811 3085 848 3136 sic
870 3087 971 3152 exponit
1017 3087 1116 3138 credam
1131 3090 1236 3148 νλνεννῆς
1249 3100 1265 3137 α
1279 3092 1354 3151 poeta
1370 3089 1478 3152 positum
1493 3102 1566 3151 esse,
1580 3088 1651 3154 quod
1665 3103 1694 3140 ex
1717 3089 1790 3138 vitius:

182 3155 361 3206 Schneidewin.
370 3155 423 3206 nel.
438 3170 462 3220 p.
476 3160 522 3206 422
535 3175 564 3204 :a
573 3156 693 3220 Bergtiue
703 3155 743 3220 [in
753 3156 969 3207 zimmenn.Diar.
1016 3157 1137 3221 scripture
1150 3161 1257 3218 κλεαινῆς
1267 3157 1292 3208 in
1301 3160 1444 3218 minitaret
1455 3161 1611 3222 postremum
1621 3159 1728 3222 μελαίνης
1737 3159 1793 3209 atie

185 3225 537 3292 t¹nttott.1eeo,1‚p.]etad
553 3228 638 3283 Ὀλανς
656 3225 750 3289 adiecta
766 3232 836 3277 ratus
849 3227 972 3293 interpre-
1017 3230 1057 3281 rit.
1082 3230 1236 3294 adjectivum
1257 3229 1347 3286 κλεινὸς
1371 3241 1421 3279 non
1445 3243 1528 3279 rarum
1547 3229 1580 3280 de
1602 3229 1706 3280 urhihue
1727 3229 1793 3292 regio·

184 3300 253 3346 tatur
273 3298 415 3348 intendem
433 3297 971 3360 rii:direptoriam,Alliclsmaxintum.Non
1019 3301 1159 3364 tribusque:
1175 3301 1328 3362 (λαλεινολγᾶ
1341 3301 1487 3359 Μυκηναίων
1510 3301 1792 3364 Soplr.El.158.uuiet

181 3367 267 3418 credo.
280 3389 291 3411 ο
304 3372 448 3431 Quanquam
459 3367 518 3430 quid
532 3367 614 3418 obstat
627 3367 687 3430 quin
698 3367 767 3432 Otpis
776 3367 817 3417 itte
828 3369 866 3417 vet
875 3368 935 3431 Opis
943 3373 972 3419 ut
1018 3373 1107 3421 κλειναὶ
1121 3371 1213 3430 Ἀθῆναι
1225 3371 1289 3421 dixit
1300 3372 1339 3436 ej.
1357 3377 1411 3433 eet),
1424 3375 1482 3436 poet
1495 3371 1632 3422 Pindarum
1642 3371 1791 3436 Bithynice

185 3439 306 3502 αὐτόχθων
317 3440 335 3489 i.
352 3453 374 3489 e.
393 3440 487 3499 εὐγενὴς
503 3437 708 3490 commendetur?
720 3438 817 3500 horatii
832 3440 934 3503 quidem
948 3441 972 3490 in
1018 3442 1215 3493 celebratissima
1230 3445 1270 3493 :et
1286 3461 1312 3492 τε
1324 3445 1420 3506 λιπαραὶ
1430 3445 1472 3493 καὶ·
1490 3445 1630 3508 twedam
1642 3445 1682 3493 zai
1692 3443 1793 3504 tamea.

183 3509 240 3570 Lyn.
252 3522 289 3570 gr.
300 3522 324 3566 p.
341 3513 388 3559 918
403 3509 444 3558 alt.
457 3509 496 3559 ed.
511 3510 628 3572 scriptum
643 3513 723 3560 τέκνον
735 3511 841 3570 μελαίνης
849 3517 899 3572 γῆς,
917 3531 971 3576 χορ.
1017 3512 1127 3570 Ἑλλάδος
1139 3513 1249 3577 λρειαμα,
1262 3515 1385 3563 ulainai
1407 3513 1541 3573 Ἀθῆναι.
