3780 5920
193 428 252 487 diti
748 423 1005 485 AN'i'HOLOGIAE
1026 423 1229 486 PALATINAE

149 567 162 604 θ
190 555 271 619 Disco
286 556 404 636 ἀρνήσῃ,
420 555 488 628 ξένε,
504 553 615 630 μηκέτι·
630 559 676 614 τοῦ
688 553 738 636 γάρ
751 557 806 622 ἑνός
819 580 858 615 σοι

175 703 180 718 ,
230 645 344 723 θύματος
356 648 380 705 οἱ
392 645 493 722 τρισσαὶ
506 644 628 721 δαίμονες
640 643 784 722 ἀντόμεθα.

270 793 338 846 235.
362 783 634 843 ΑΠΟΛΛΩΝΙΔΟΥ
656 784 890 844 ΣΜΥΡΝΑΙΟΥ.

189 921 347 1007 Ἀγροτέρων
362 921 418 989 θεός
429 923 499 995 εἰμι·
512 922 539 982 τί
553 945 598 1000 μοι
611 920 730 1002 χρυσέοις
747 921 872 980 δεπάεσσι

227 1011 369 1083 σπένδετε,
383 1015 429 1070 τοῦ
446 1011 469 1068 δ’
481 1009 583 1071 Ἰταλοῦ
597 1011 668 1088 χεῖτε
684 1010 748 1087 μέθυ
766 1011 898 1092 Βρομίου,

187 1100 233 1160 καὶ
246 1101 339 1180 ιχυροῦς
352 1098 457 1176 ταύρων
468 1098 552 1178 πέτρῃ
565 1100 704 1178 προοδεῐτε
716 1099 852 1171 τένοντας;

226 1187 354 1273 φείσασθ·
365 1188 395 1246 ού
407 1187 508 1255 τούτοις
521 1188 619 1264 θύμασι
632 1187 791 1267 τερπόμεθα.

189 1279 247 1340 Πάν
260 1280 274 1335 ὁ
285 1274 467 1356 παρωρείτης,
483 1274 636 1348 σῦτοἜυλος,
651 1275 813 1355 ἀρνεοθοίνης

227 1362 297 1440 εἰμί,
311 1363 358 1424 καὶ
372 1361 507 1442 ἔχχθονίου
520 1364 698 1439 γλευκοπάτης
711 1364 817 1430 κύλικος

433 1512 503 1564 236.
526 1503 727 1564 ΛΕΩΝΙΔΟΥ.

186 1629 272 1688 Αὐτοῦ
287 1629 327 1709 ἐρ’
342 1630 495 1704 αἱμασιαῖσι
508 1625 551 1685 τὸν
565 1629 749 1706 ἀγρυπνοῦντα
771 1627 891 1706 Πρίηπον
935 1637 939 1644 “

227 1717 335 1790 ἔστησεν
349 1714 472 1795 λαχάνων
487 1714 643 1788 Δεινομένης
660 1713 774 1793 φύλακα,

189 1803 259 1865 Ἀλλ’
271 1810 306 1870 ὡς
318 1805 475 1880 έντέταμαι,
488 1799 544 1884 φὼρ
554 1843 562 1872 ,
573 1799 699 1877 ἔμύλεπε.
712 1803 798 1861 Τοῦτο
811 1799 844 1877 δ’,
859 1802 970 1881 ἐρωτᾷς,

225 1897 278 1951 τῶν
292 1891 386 1971 ὀλίγων
399 1892 525 1970 λαχάνων
541 1891 643 1961 αίνεκα;
658 1893 719 1949 Τῶν
737 1889 840 1968 ὀλίγων.
929 1897 933 1906 “

435 2044 503 2093 2³7.
525 2033 697 2092 ΤΥΜΝΙΞΩ.

437 2177 477 2230 Εἰς
492 2176 587 2235 ἄγαλμα
596 2175 715 2237 Πριήπου.

186 2294 281 2356 Πάντα
296 2291 445 2373 πριηπίζω,
460 2291 509 2350 uda
524 2283 542 2370 ᾗ
558 2290 673 2373 Κρόνος·
688 2293 717 2350 οὐ
733 2291 857 2370 διακρίνοι

224 2381 316 2442 οὐδένα
332 2378 397 2459 ρῶρ’
412 2378 480 2438 οὕτω
494 2382 585 2438 ταῖσδε
600 2381 672 2456 παρὰ
685 2387 821 2458 πρασιαῖς.

183 2464 305 2548 'Eriperes
322 2467 360 2545 μὴ
374 2466 496 2546 λαχάνων
510 2467 594 2527 ἕνεκεν
610 2468 672 2525 τάδε
684 2467 730 2527 καλ
745 2469 926 2539 κολοκυνθῶν,

224 2555 302 2636 φήσει
315 2578 370 2628 τις,
386 2577 418 2630 με
433 2553 528 2630 λέγειν.
542 2551 689 2632 Ἔπρεπεν·
705 2554 772 2614 άλλδι
787 2555 867 2630 λέγω.

410 2712 482 2762 238.
505 2703 738 2762 tertiarios.

185 2845 231 2908 Εἰς
246 2843 275 2900 τὸ
288 2841 360 2901 κενόν
375 2864 408 2917 με
421 2839 536 2910 τέθεικε,
548 2839 629 2916 νόμου
641 2840 736 2919 χάριν,
748 2830 799 2897 ὧδε
812 2837 935 2919 Πρίηπον

225 2928 390 3010 Εὐτυχίδης,
405 2929 489 3008 ξηρῶν
502 2927 675 3003 κληματίδων
690 2926 808 3005 φύλακα·

182 3019 228 3078 καὶ
239 3015 436 3096 περιύέθλημαι
448 3014 565 3095 κρημνὸν
582 3013 673 3092 βαθύν.
687 3012 739 3082 Ὃς
754 3014 775 3072 δ’
789 3013 821 3072 ἂν
835 3013 946 3090 ἐπέλθῃ,

222 3103 295 3164 citii
310 3101 366 3184 ἔχει
381 3102 478 3184 κλέψαι
491 3100 561 3174 πλὴν
577 3099 623 3176 ἐμὲ
638 3101 682 3160 τὸν
694 3101 809 3180 φύλακα.

381 3251 452 3304 239.
478 3241 765 3301 ΑΠΟΛΛΩΝΙΔΟΥ.

180 3391 278 3453 'Aries'
293 3389 466 3470 Ἀναξαγόρης
481 3414 528 3464 με,
545 3389 588 3448 τὸν
605 3391 651 3448 οῦκ
666 3389 709 3448 tsi
722 3391 801 3450 ποσσί
822 3387 962 3469 Πρίηπον,

220 3480 247 3537 έν
263 3478 337 3558 χθονὶ
354 3479 377 3536 δ’
392 3477 535 3557 άμιροτέρῳ
549 3475 655 3555 γούνατι
670 3478 837 3553 κεκλιμένον·

134 3585 136 3592 ”
181 3565 254 3635 τεῦξε
265 3567 295 3626 ’δὲ
310 3563 482 3644 Φυλιίμαχος.
495 3562 605 3644 Χαριτὼ
617 3564 646 3623 δέ
661 3588 706 3642 μοι
721 3563 813 3643 ἀγχόθι
827 3560 912 3634 καλὴν

221 3653 351 3732 ἀθρήσας,
365 3651 434 3718 δίζευ
450 3652 543 3727 μηκέτι
559 3655 614 3718 πῶς
629 3649 734 3712 ἔπεσον.

180 3821 227 3871 iiie
240 3820 313 3886 igitur
325 3836 448 3886 uunquam
463 3836 550 3886 percos
565 3821 679 3882 adolere,
692 3821 770 3870 viator
785 3837 791 3871 :

213 3904 318 3954 Victima
330 3918 386 3953 nam
401 3909 484 3953 ternus
499 3901 589 3968 obligat
603 3919 650 3952 une
661 3903 728 3953 deos.

379 4021 438 4072 235.
456 4037 618 4071 anennoeton
633 4037 764 4082 sunm,

427 4119 458 4171 de
469 4121 519 4172 aliu
531 4127 610 4171 Panos
621 4120 717 4191 effigie.

179 4241 236 4289 Sum
249 4238 307 4287 deus
318 4238 428 4304 agricolae
440 4239 534 4306 populi.
549 4239 614 4303 Quid
628 4238 714 4306 poeuis
731 4237 798 4288 iertis

210 4322 305 4385 Aurea,
315 4323 353 4372 rei
365 4323 423 4389 quid
436 4323 460 4373 in
474 4323 511 4372 his
522 4324 622 4373 Massica
637 4323 692 4372 rina
704 4321 782 4372 mihi?

177 4407 304 4472 Curraquo
317 4404 422 4455 adhunc
437 4405 541 4470 lapidem
555 4415 679 4455 taurorum
694 4404 757 4454 colia
770 4403 865 4468 ligetis?

212 4488 267 4536 Non
280 4483 333 4537 hec
346 4486 495 4537 conveniunt
505 4503 618 4547 munera,
630 4488 715 4543 crede,
725 4486 796 4536 mihi.

178 4568 303 4619 Montibus
314 4567 354 4618 hic
365 4570 433 4619 adsto
442 4569 532 4634 iignum
542 4569 601 4619 rude
610 4573 659 4620 Pan
671 4585 715 4634 ego
727 4586 733 4619 :
747 4579 829 4635 potus,

211 4655 292 4702 Masta
307 4651 367 4703 mihi
381 4652 524 4719 funditque
537 4653 618 4715 lacum
630 4668 690 4718 agna
702 4652 779 4703 cibus.

287 4762 346 4812 236.
359 4778 472 4811 ιιοιιιτιπ
479 4797 488 4822 ,
505 4771 549 4811 out
560 4769 586 4810 ut
598 4759 640 4810 aiii
652 4760 736 4810 colunt
747 4779 845 4820 ruant,

434 4859 464 4909 de
475 4860 558 4929 Priapi
566 4857 702 4910 simulacro.

177 4975 266 5026 Hortus
278 4974 318 5024 hic
332 4974 422 5040 absque
434 4973 484 5024 ulio
496 4992 527 5024 nc
540 4975 571 5026 sit
582 4975 693 5031 custode,
707 4976 819 5042 Priapum

210 5057 355 5107 Dinomenes
369 5057 448 5122 posuit
459 5073 497 5106 me
509 5074 552 5107 sua
567 5068 634 5125 septe
646 5073 727 5125 super.

174 5141 271 5208 Aspice,
283 5139 330 5202 fur,
341 5149 429 5207 quante
441 5141 556 5206 tentigine
568 5157 676 5208 rumpam
685 5149 714 5196 Et
726 5143 788 5192 istud

175 5257 179 5266 ·
208 5222 249 5275 Ob
262 5233 310 5274 tam
324 5239 400 5290 peuce
418 5224 484 5274 ciera
500 5222 570 5274 haeci
583 5223 651 5276 dicis.
666 5223 705 5273 0b
719 5223 770 5274 isrcc
784 5225 859 5275 ciero.

1018 563 1170 616 Sacrificium
1180 578 1296 626 renuere,
1307 565 1465 628 irospcs‚nou
1475 585 1482 615 ι
1492 564 1593 615 unicum
1603 565 1668 615 enim
1678 566 1721 617 triti

1049 652 1196 703 sacrificium
1205 653 1270 704 tenti
1283 667 1328 703 nos
1338 653 1372 704 dii
1386 652 1695 717 acceptum-rependimus.

1180 797 1235 845 235.
1253 795 1466 846 arottonlnte
1483 795 1644 844 snti'EEEI.

1017 931 1176 983 Rusticorum
1188 930 1250 982 dens
1264 944 1329 982 sum.
1343 930 1411 990 Quid
1421 929 1482 981 miii
1493 931 1575 981 eureis
1588 929 1688 995 poculis

1047 1020 1143 1081 libatis,
1159 1023 1185 1071 ct
1197 1033 1273 1085 quare
1285 1019 1342 1070 ltcli
1353 1019 1458 1070 tunditis
1471 1032 1568 1070 merum
1577 1019 1685 1078 Bacchi,

1018 1118 1157 1168 carrasque
1167 1106 1296 1156 taurorum
1309 1107 1387 1169 pctrtc
1400 1103 1503 1167 alligatis
1516 1103 1643 1154 cervices?

1049 1190 1154 1242 Percitc.
1162 1191 1216 1240 Non
1227 1189 1267 1240 his
1279 1189 1410 1240 sauiiiciis
1419 1188 1580 1243 delectamur.

1019 1281 1069 1330 Pan
1081 1279 1226 1339 monticola,
1239 1293 1270 1349 ex
1282 1277 1540 1343 rudi-ligno-dcletns,
1551 1281 1783 1344 agnonun-roratcr

1048 1380 1118 1429 sum,
1133 1366 1195 1418 etin
1208 1370 1318 1418 testaceo
1332 1365 1523 1417 musti-bibulus
1535 1368 1620 1418 catice.

1297 1510 1351 1556 236.
1368 1507 1522 1554 LEONIDAE.

1016 1645 1064 1694 iiic
1077 1643 1102 1693 in
1113 1643 1215 1708 spinetis
1224 1642 1367 1708 vigilum
1376 1643 1492 1708 Priapum

1046 1733 1130 1797 posuit
1145 1733 1241 1783 oicrum
1253 1730 1402 1782 Dinomenes
1413 1732 1549 1782 custodem.

1016 1821 1064 1872 sed
1074 1835 1150 1885 quem
1162 1820 1274 1872 intent-us
1284 1820 1345 1881 sun,
1356 1821 1405 1882 tiu,
1417 1833 1498 1872 cerne.
1508 1822 1562 1870 Eoo
1571 1833 1645 1881 rere,
1655 1817 1801 1882 interrogas,

1046 1923 1181 1975 paucorum
1194 1910 1291 1960 olerum
1305 1914 1396 1960 causa?
1405 1911 1553 1959 Paucorum.

1244 2027 1246 2032 ⁴
1305 2051 1361 2098 cer.
1376 2049 1505 2099 riuus.

1292 2198 1318 2240 tn
1329 2197 1428 2240 statuam
1442 2193 1527 2251 Priapi.

1015 2318 1111 2368 cnncte
1126 2310 1361 2374 erectus-insequor,
1374 2308 1449 2360 ctiam
1462 2309 1483 2359 si
1495 2310 1619 2360 saturnus
1627 2307 1662 2358 sit
1673 2329 1680 2356 ε
1691 2321 1739 2357 non
1751 2309 1799 2356 dis·

1046 2404 1123 2454 ullum
1138 2399 1294 2452 iurcmsdco
1306 2397 1480 2449 hisinhortis.
1721 2394 1802 2461 [cerno

1014 2491 1124 2544 necabat
1137 2503 1186 2539 non
1197 2489 1292 2538 olerum
1304 2500 1379 2536 cansa
1389 2486 1444 2550 lucc
1457 2489 1482 2536 et
1493 2484 1700 2545 cucurbitarum,

1045 2579 1112 2630 dicct
1126 2575 1263 2642 quispiam,
1276 2588 1317 2625 me
1328 2572 1408 2622 ciiari.
1419 2571 1530 2622 Docebat
1539 2591 1547 2620 ι
1557 2569 1603 2620 sed
1613 2569 1680 2619 dico.

1301 2715 1356 2762 2³8.
1374 2709 1510 2758 Luciam.

1013 2854 1139 2902 incanum
1152 2861 1193 2898 me
1205 2846 1296 2912 posuit,
1310 2842 1495 2895 consuetudinis
1506 2841 1598 2905 gretie,
1610 2840 1652 2890 iric
1661 2840 1776 2903 Priapum

1044 2937 1201 3002 Eutychides,
1216 2934 1337 2985 siccarum
1348 2931 1519 2997 pervincarnm
1527 2927 1677 2988 custodem

1013 3024 1167 3078 etcircuitns
1182 3037 1240 3074 sum
1257 3017 1531 3086 precipiucprotundc.
1547 3018 1597 3076 Qui
1615 3019 1703 3067 entem
1719 3029 1800 3078 vsper-

1043 3112 1077 3162 nil
1090 3113 1173 3176 potest
1185 3109 1262 3161 iurari
1274 3111 1364 3173 preter
1376 3121 1416 3157 mc
1427 3105 1565 3158 custodem.
1681 3103 1795 3167 [retent.

1263 3253 1318 3300 239.
1332 3247 1549 3297 APOLLONIDAE.

1011 3389 1095 3440 Erexit
1105 3392 1324 3452 1ιινιωυηςοιινιειε,
1336 3399 1384 3436 non
1396 3383 1501 3450 pedibus
1515 3385 1626 3434 sentem
1637 3382 1767 3446 Priapum,

1042 3477 1087 3528 scd
1099 3477 1123 3526 in
1137 3479 1205 3528 terre
1217 3477 1325 3539 utroque
1335 3487 1400 3540 genu
1412 3472 1538 3533 innixum

1013 3566 1071 3618 tecit
1090 3578 1150 3615 rero
1171 3563 1360 3628 Phylomcchns.
1380 3562 1480 3612 Charite
1500 3563 1586 3611 eutem
1601 3558 1676 3622 iuxta
1689 3573 1729 3610 me
1744 3559 1796 3622 pui-

1041 3653 1143 3717 videns,
1155 3665 1187 3704 ue
1197 3665 1295 3716 quaeres
1303 3651 1408 3714 amplius
1417 3663 1493 3713 ‹puarc
1505 3648 1648 3699 ceciderim.
1708 3647 1797 3714 [chiam

1310 3815 1368 3873 237.
1387 3828 1499 3870 nuum,

1337 3893 1367 3942 dc
1378 3891 1469 3942 eodem.

1010 3979 1099 4045 Arrige
1112 3979 1153 4046 pol
1167 3976 1273 4034 cunctis,
1289 3991 1349 4036 nec,
1362 3975 1432 4040 copia
1445 3975 1476 4023 sit
1490 3975 1559 4033 iicet,
1574 3973 1651 4021 ιιΙΙιιιυ

1042 4071 1102 4117 istus
1113 4065 1224 4115 discerno
1239 4063 1316 4114 iarrcm
1328 4063 1391 4129 apud
1403 4059 1504 4110 areolas.

1010 4154 1066 4203 Nou
1076 4148 1171 4210 decuit,
1185 4145 1266 4208 dices,
1276 4145 1328 4197 hec
1341 4145 1422 4196 caules
1435 4151 1537 4211 propior
1547 4153 1573 4194 et
1585 4142 1675 4192 herbas

1042 4232 1130 4282 Dicere
1140 4237 1183 4294 te;
1193 4231 1276 4280 decuit
1284 4229 1330 4291 sic,
1345 4237 1420 4295 puto,
1432 4227 1487 4277 dico
1504 4237 1596 4295 tamen.

1310 4314 1367 4363 αδδ.
1376 4328 1494 4369 nncrarr,

1291 4393 1322 4444 de
1339 4394 1431 4463 Priapo
1451 4391 1510 4444 alio.

1008 4482 1084 4534 Arida
1098 4497 1137 4531 me
1152 4480 1233 4548 posuit
1246 4485 1348 4546 propter
1362 4487 1481 4528 sarmenta
1495 4475 1625 4541 Priapum,

1039 4569 1075 4616 Ut
1087 4564 1150 4615 mori
1163 4578 1256 4614 morem
1270 4563 1305 4612 sic
1316 4571 1397 4628 geret,
1407 4559 1562 4627 Eutychides.

1008 4648 1111 4703 suntor
1122 4657 1148 4700 et
1161 4648 1230 4698 iossa.
1242 4647 1267 4698 Si
1279 4647 1332 4712 quia
1345 4655 1427 4696 tamen
1439 4643 1550 4694 adueniat
1562 4642 1613 4702 ier,

1040 4730 1275 4794 succentoriam
1289 4744 1328 4777 me
1344 4728 1406 4790 nisi,
1420 4727 1484 4793 quod
1496 4726 1584 4791 rapiat.

1275 4813 1334 4874 239.
1347 4825 1523 4862 anonuosrnrn,

1353 4891 1383 4943 dc
1397 4889 1456 4941 olio.

1007 4983 1063 5032 Non
1078 4978 1179 5046 pedibus
1191 4966 1294 5034 iulium,
1310 4976 1394 5026 nixum
1407 4975 1449 5025 sed
1462 4984 1566 5038 utroque
1579 4971 1699 5038 Priapum

1044 5061 1137 5129 Poplite
1151 5076 1189 5110 me
1203 5059 1261 5126 poni
1272 5053 1345 5125 jussit
1357 5062 1519 5122 Anaxagoras.

1008 5142 1182 5212 Phpiomachus
1198 5143 1262 5194 iecit.
1282 5145 1343 5193 Cum
1351 5150 1398 5193 stet
1409 5141 1469 5192 mihi
1484 5139 1598 5207 proxima
1612 5137 1704 5187 decena

1039 5228 1137 5287 Gratia,
1151 5227 1181 5277 sit
1190 5227 1290 5277 stultum
1305 5241 1412 5292 querere
1424 5223 1467 5292 qui
1482 5221 1570 5273 cecidi.
