3774 5914
768 388 1025 450 ANTHOLOGIAE
1050 391 1251 450 PALA'l'lNAE

510 525 572 575 oia.
593 527 688 594 iiio.

397 631 437 686 Εἰς
448 631 525 692 ἕτερον
536 631 632 692 λουτρόν
641 629 665 678 ἐν
677 630 803 693 Βυζαντίῳ.

198 748 299 809 ‘dorida
313 747 497 827 ἐρεπτομένους
506 749 638 826 προτέρων
651 750 680 806 οὐ
693 749 808 828 ψεύσαιτο
823 752 909 824 μῦθος·

247 836 335 896 πίστιν
348 835 470 907 ἀληθείης
484 843 561 896 τοῦτο
577 837 606 894 τὸ
620 838 727 917 λουτρὸν
748 838 814 916 ἔχει.

208 926 241 985 Ei
252 923 303 1004 γθρ
319 922 390 992 ἅπαξ
403 931 541 1004 καθαροῖσι
553 925 688 985 λοέσσετσιι
705 925 794 985 ὕδασιν
811 925 891 1007 ἀνὴρ,

246 1016 275 1072 οὐ
286 1013 374 1072 ποθέει
390 1013 503 1093 ποίτρην,
515 1016 562 1072 οὐκ
576 1015 656 1072 ἐθέλει
671 1013 785 1091 γενέτας.

317 1163 386 1213 oto.
410 1154 581 1214 ΑΓΑΘΙΟΥ
602 1153 885 1215 ΣΧΟΑΑΣΤΙΚΟΥ.

393 1275 433 1329 En
448 1274 525 1335 ἕτερον
535 1275 631 1336 λουτρὸν
642 1275 665 1322 έν
677 1275 804 1336 Βυζαντίῳ.

207 1399 260 1456 Νῦν
276 1394 368 1472 ἔγνων,
382 1393 524 1472 Κυθέρεια,
534 1393 611 1453 πόθεν
624 1394 732 1466 νίκησας
747 1397 850 1473 ἀγῶνα,

246 1483 293 1556 τὴν
306 1485 367 1565 πρὶν
382 1481 550 1560 Ἀλεξάνδρου
562 1485 647 1562 δῆμον
663 1483 850 1564 ὓραρπαμένη.

204 1572 314 1632 Ἐνθοίδε
328 1571 378 1650 γδιρ
393 1570 521 1647 τέγγουσαι
536 1573 594 1630 τεὸν
612 1573 707 1647 δέμας,
723 1563 794 1650 εύρες
809 1573 911 1652 ἐλέγξαι

245 1657 334 1740 Ἥρην
346 1659 473 1738 Ἰναχίοις
484 1659 600 1738 χεύμασι
614 1660 789 1736 λουσαμένην.

207 1747 323 1819 Νίκησεν
338 1746 368 1806 τὸ
383 1747 495 1826 λουτρόν·
510 1747 577 1806 ἔοικε
592 1748 710 1806 δὲταῦτα
726 1749 814 1828 βοιύσῃ

249 1835 374 1902 Παλλάς·
387 1863 400 1887 ι
412 1835 554 1906 Ἐνιιιήθην
567 1836 667 1908 ὕδασιν,
680 1839 708 1894 οὐ
724 1837 851 1918 Παρίην

321 1987 390 2039 620.
414 1979 575 2038 tiaram*
597 1979 880 2039 ΣΙΛΕΝΤΙΑΡΙΟΥ.

218 2103 257 2157 Et:
269 2101 365 2164 λουτρὸν
376 2100 479 2160 δίδυμον,
492 2101 515 2149 ἐν
525 2100 545 2162 ᾧ
555 2101 663 2150 λούονται
673 2103 713 2149 καί
724 2105 834 2162 γυναῖκες
843 2100 883 2148 nai
894 2097 981 2161 ἄνδρες.

207 2223 235 2283 Ἀ
277 2247 285 2281 ι
300 2228 348 2300 μὲν
365 2223 439 2288 ἐλπίς
456 2223 647 2301 ἔρωτοςχέλεῑν
661 2223 683 2281 δΙ
699 2225 745 2282 οὐκ
760 2223 815 2281 ἔστι
830 2226 969 2297 γυναῖκας·

239 2247 314 2390 έίρξε
330 2313 406 2377 malie
421 2311 529 2390 Παρίην
546 2311 592 2380 τὴν
609 2312 726 2389 μεγάλην
742 2311 830 2384 ὀλίγη.

209 2400 279 2461 Ἀλλ’
297 2399 385 2478 ἔμπης
400 2398 482 2476 γλυκὺ
497 2403 587 2457 τοῦτο·
598 2397 770 2470 ποθοθλιίτοις
784 2397 833 2477 γὰρ
853 2399 894 2458 ἐπ’
908 2397 992 2481 ἔργοις

252 2489 269 2508 l*
297 2487 303 2508 λ
343 2489 351 2510 3
423 2486 430 2508 Ι
520 2485 526 2508 θ
604 2509 611 2520 a
679 2485 685 2506 t

247 2505 320 2554 ελπις
337 2489 460 2559 αληθειης
474 2488 530 2544 έστι
543 2487 728 2564 μελιχροτερη.

456 2638 519 2688 621.
540 2639 738 2686 Adranodori.

474 2739 514 2794 Είς
530 2739 607 2800 ἕτερον
623 2739 728 2800 λουτρόν.

206 2864 322 2930 Ὄσσαις
336 2867 490 2942 θηλυτέραις
505 2863 574 2923 ἐστίν
588 2861 665 2930 πόθος
680 2862 747 2940 (ἔστι
761 2863 786 2921 δὲ
795 2865 915 2944 πείσαις),

248 2955 317 3034 δεῦρ’
330 2952 383 3026 ἴτε,
398 2951 569 3035 φαιδροτίρης
583 2950 736 3026 τευξόμενοι
751 2952 871 3031 χοίριτος.

207 3043 251 3112 Χῆ
265 3040 313 3118 μίν
326 3039 424 3122 ἔχουσα
439 3039 530 3114 πόσιν,
545 3041 634 3119 τέρψει
650 3039 736 3100 πόσιν·
751 3045 768 3112 ἡ
784 3043 807 3098 δ’
818 3039 855 3100 ἔτι
870 3039 951 3122 κούρη

246 3129 360 3210 ὀτρυνέει
371 3130 508 3196 πλείστους
522 3128 583 3188 ἕδνα
598 3137 687 3208 πορεῖν
701 3128 812 3210 λεχέων·

206 3215 264 3287 ἡδί
279 3217 393 3298 φέρουσα
408 3219 503 3296 πόρους
518 3217 570 3276 ἀπὸ
586 3216 724 3294 σώματος,
741 3217 821 3293 ἐσμὸν
835 3220 951 3298 ἐραστῶν

248 3306 301 3376 ἕξει
316 3308 360 3366 turi
374 3309 529 3387 προθύροις,
546 3308 636 3366 titiis
648 3305 809 3384 λουσαμένη.
863 3337 864 3342 ’

508 3452 572 3502 622.
592 3453 688 3500 ΑΛΛΟ.

521 3559 560 3613 Εἰς
569 3561 595 3608 τὸ
605 3558 675 3608 αὐτό.

211 3675 272 3736 Eira
287 3699 316 3735 σε
330 3676 460 3756 κουριδίης
475 3679 572 3755 ἀλόχου
586 3678 681 3754 γλυκὺς
697 3680 785 3760 ἵμερος
797 3679 881 3758 ἴσχει,

434 3871 492 3920 θιθ.
509 3875 545 3919 De
558 3870 633 3920 atrei-0
649 3874 770 3937 Byzantii.

208 4004 262 4051 Non
276 4010 313 4051 eat
325 4001 382 4051 salsa
397 4010 464 4052 retus
478 4011 575 4068 gurtutae
588 4001 668 4052 sabula
683 4003 726 4054 loti
742 4025 748 4056 τ

240 4084 328 4132 Balnea
343 4083 452 4135 iecerunt
466 4084 558 4135 vatibus
570 4084 613 4135 ista
628 4086 709 4140 fidem.

208 4168 262 4216 Non
277 4166 385 4216 meminit
399 4167 517 4234 patriam,
531 4179 642 4218 necaret
656 4180 764 4236 spectare
776 4179 902 4236 parentes,

239 4247 351 4298 Membra
362 4250 433 4298 aemel
447 4250 513 4315 puris
525 4253 565 4316 qni
579 4251 703 4302 madefecit
713 4253 788 4318 aquis.

430 4420 489 4482 619.
508 4437 620 4470 aoararaa
638 4439 767 4475 oaaronra.
836 4431 838 4438 ’

325 4556 363 4602 De
376 4551 424 4602 atio
434 4555 559 4621 Byzantii,
576 4557 600 4604 in
614 4574 661 4622 quo
675 4561 753 4606 Venus
765 4557 880 4607 Iuvanssa

518 4653 680 4720 spectabatur.

208 4792 262 4841 Jam
275 4789 357 4854 inerit,
368 4795 460 4852 Venus,
470 4793 534 4842 unde
544 4792 588 4844 tibi
599 4795 706 4852 victorio,
718 4795 793 4860 diseo,

242 4877 297 4925 Jam
311 4875 380 4926 rideo
395 4887 478 4943 captus
490 4894 536 4943 qua
548 4879 578 4928 ait
590 4879 621 4929 ab
633 4889 684 4929 arte
696 4881 769 4930 Paria.

209 4961 261 5006 Hoc
275 4957 300 5007 in
312 4956 378 5019 [oute
389 4960 456 5009 toris
466 4961 583 5026 superasti
596 4962 644 5011 lota
653 4978 775 5025 sororem,

242 5037 345 5089 Inachiis
356 5050 421 5090 artua
433 5041 474 5090 illa
486 5042 573 5107 rigirat
584 5044 661 5109 aquis.

209 5122 316 5191 Lympha
328 5124 392 5174 dedit
407 5126 505 5176 mulum.
540 5127 617 5178 Paltos
631 5130 734 5179 clamare
748 5130 858 5182 ridetur:

243 5206 333 5256 vicisse
347 5223 446 5270 agnosco
458 5209 553 5272 balnea,
568 5227 616 5262 non
629 5216 757 5266 Venerem.

1336 546 1390 593 did.
1410 551 1514 593 eitun.

1258 659 1283 699 ln
1295 655 1357 699 rliud
1368 653 1474 700 balneum
1484 655 1594 709 Byzantii.

1036 763 1124 811 Lotum
1133 759 1291 824 decerpentes
1304 759 1412 823 priorum
1423 773 1471 809 non
1483 759 1585 810 mentita
1597 763 1634 810 est
1648 760 1740 822 tabntn;

1067 850 1143 899 fidem
1157 848 1267 898 veritatis
1279 848 1325 898 troc
1339 847 1464 898 lavacrum
1477 847 1564 898 habet.

1036 938 1136 988 sienim
1149 937 1224 988 semel
1237 937 1306 1001 puris
1317 936 1451 987 se-larabit
1460 937 1530 1000 aquis
1540 937 1585 998 uir,

1068 1041 1115 1077 non
1128 1025 1251 1077 desiderat
1264 1025 1383 1090 patriam,
1397 1039 1444 1075 non
1457 1025 1510 1075 uult
1525 1027 1648 1089 parentes.

1200 1175 1254 1220 otu.
1272 1169 1422 1218 AGATHlAE
1439 1161 1653 1218 sefldtasrrcl.

1248 1271 1274 1318 ln
1286 1272 1348 1318 aliud
1358 1273 1472 1318 lavacrum
1482 1273 1594 1328 Byzantii.

1037 1410 1107 1457 Nunc
1118 1405 1233 1470 cognovi,
1243 1419 1259 1455 o
1269 1405 1400 1468 Cytherea,
1411 1403 1476 1454 unde
1485 1403 1574 1453 viceris
1584 1403 1768 1462 in-certamine,

1068 1490 1198 1541 Alexandri
1210 1490 1270 1540 olim
1281 1490 1426 1554 suffragium
1439 1489 1527 1540 iurata.

1035 1583 1082 1629 tlte
1094 1579 1159 1629 enirn
1171 1579 1266 1643 tingens
1278 1582 1349 1630 tuum
1360 1591 1463 1642 corpus,
1474 1578 1543 1628 scisti
1554 1577 1651 1628 vincere

1067 1673 1187 1720 iunonem
1201 1669 1307 1720 inachiis
1319 1670 1418 1720 liuentis
1427 1683 1484 1732 qnia
1497 1670 1634 1720 sese-lavit.

1037 1759 1103 1810 vicit
1115 1759 1242 1809 lavacrum
1256 1778 1263 1808 ι
1277 1771 1306 1810 ac
1316 1759 1423 1810 risa-est
1433 1759 1480 1810 hoo
1491 1759 1626 1809 inclamaro

1068 1847 1150 1897 Pallas
1164 1865 1170 1896 ι
1182 1867 1194 1890 ν
1207 1847 1348 1898 Victa-sum
1357 1849 1441 1911 aquis,
1452 1861 1499 1898 non
1513 1848 1612 1911 Paphia.
1628 1869 1640 1890 ν

1238 1993 1292 2040 ott).
1310 1991 1403 2039 naum
1418 1990 1611 2040 simillimi.

1080 2100 1105 2141 tn
1115 2098 1231 2168 lavacrum
1240 2095 1332 2150 duplex,
1343 2095 1366 2138 in
1376 2105 1421 2150 quo
1429 2094 1535 2138 lavantur
1545 2097 1568 2138 et
1578 2093 1685 2138 mulieres
1693 2097 1717 2139 et
1726 2094 1771 2138 virt.

1040 2233 1116 2292 Prope
1125 2227 1225 2290 quidem
1237 2239 1293 2292 apes
1302 2226 1393 2276 amoris
1403 2243 1408 2274 :
1418 2229 1501 2277 tenere
1511 2237 1570 2276 nero
1579 2229 1678 2277 nonest
1690 2227 1805 2278 mulieres:

1068 2316 1179 2366 cohibuit
1187 2315 1261 2378 ianua
1271 2315 1388 2380 Paphiam
1399 2327 1512 2380 magnam
1525 2328 1609 2378 parra.

1038 2402 1085 2452 Sed
1096 2405 1178 2452 tamen
1190 2401 1261 2452 dulce
1270 2401 1318 2452 lroc
1329 2423 1335 2452 :
1346 2415 1404 2452 nam
1415 2402 1619 2453 amore-incensis
1633 2403 1659 2452 in
1675 2402 1785 2467 operibns

1069 2505 1127 2555 spes
1140 2491 1245 2541 veritate
1257 2493 1297 2542 eat
1309 2489 1410 2540 dulcior.

1309 2643 1363 2690 621.
1386 2647 1546 2692 ΑΝΟΝΥΜῙ.

1316 2753 1341 2794 tn
1351 2749 1411 2794 alind
1421 2749 1535 2794 balneum.

1037 2881 1163 2944 Quotquot
1173 2878 1269 2930 leminis
1278 2882 1315 2930 eat
1325 2878 1406 2940 inim
1415 2878 1504 2944 cupido
1511 2881 1557 2939 (ost
1565 2883 1649 2932 oriteru
1659 2883 1773 2943 cunetis),

1069 2969 1119 3019 huo
1132 2967 1223 3029 venite,
1234 2968 1373 3018 nitidiorem
1386 2971 1495 3018 nactum·
1505 2967 1618 3032 gratiam.
1630 2968 1723 3033 [adhuc
1732 2972 1814 3035 puelle,

1037 3051 1068 3098 Et
1078 3061 1134 3111 qum
1148 3047 1247 3111 quidem
1258 3047 1333 3098 habet
1342 3047 1432 3106 virum,
1446 3045 1578 3098 delectabit
1590 3047 1681 3110 rimm3
1694 3065 1749 3113 quau
1764 3065 1814 3102 reru

1069 3136 1180 3187 incitabit
1193 3135 1311 3200 plurimos
1328 3135 1530 3200 dotalia-praemia
1548 3137 1689 3189 moderant
1705 3139 1814 3190 thalami:

1035 3239 1095 3290 ηιιιο
1111 3238 1170 3275 voro
1183 3224 1242 3274 tacit
1255 3225 1378 3286 quaeatum
1395 3237 1426 3274 en
1439 3235 1553 3287 corpore,
1568 3236 1672 3274 eramen
1685 3229 1815 3277 amatorum

1068 3313 1169 3364 habebit
1183 3313 1207 3362 in
1219 3311 1312 3373 limine,
1327 3311 1366 3361 lito
1376 3311 1618 3375 postquam-tarent.

1336 3450 1390 3496 622.
1410 3455 1518 3497 antiit).

1380 3559 1406 3600 tn
1415 3555 1483 3602 idem.

1037 3691 1094 3740 Sine
1106 3692 1131 3739 te
1144 3687 1258 3752 legitima
1268 3687 1377 3750 coniugis
1386 3687 1466 3737 dulcis
1479 3687 1569 3750 cupido
1578 3691 1659 3746 tenet.

1256 3869 1316 3917 tiro.
1335 3883 1408 3915 raum
1425 3883 1587 3919 arrarrrranrr.

1070 3964 1107 4008 De
1121 3953 1204 4006 hairico
1216 3955 1317 4026 duplici,
1332 3957 1357 4005 in
1372 3974 1418 4023 ριιο
1432 3957 1529 4024 [τινίιιοε
1541 3975 1570 4006 ac
1579 3958 1623 4008 viri
1637 3958 1789 4013 lavabuntur.

1035 4067 1106 4128 Spem
1115 4061 1155 4110 dat
1169 4077 1254 4111 amor:
1268 4060 1381 4127 pulchros
1393 4060 1434 4111 sed
1447 4061 1566 4126 prendere
1578 4062 1643 4112 nullu
1657 4074 1778 4129 potest-rm

1069 4152 1173 4194 arcetur
1184 4159 1257 4209 purra
1267 4159 1322 4192 nam
1332 4141 1383 4193 tore
1393 4158 1476 4208 magna
1486 4148 1578 4194 neum.

1035 4226 1156 4291 Sedjuvat
1168 4229 1215 4274 lroo
1225 4225 1307 4274 etiam.
1343 4229 1405 4274 Nam
1417 4241 1471 4290 apes
1481 4225 1506 4274 in
1517 4225 1589 4275 rebus
1598 4227 1706 4290 amorio,

1069 4309 1095 4359 si
1107 4309 1183 4359 nescis
1192 4344 1199 4368 ‚
1209 4309 1260 4376 ipso
1272 4309 1366 4359 dnloior
1375 4318 1410 4358 est
1422 4324 1504 4374 opere.

1336 4427 1392 4475 θαι.
1409 4443 1523 4482 rrcrarr,

1374 4515 1404 4566 da
1416 4515 1473 4566 alio.

1036 4609 1144 4660 Pulchre
1153 4609 1221 4676 queia
1232 4625 1301 4660 amor
1312 4619 1347 4659 eat
1359 4611 1429 4674 (nulli
1443 4620 1502 4677 puto
1513 4612 1603 4678 nullus)
1614 4611 1698 4662 adeste
1711 4631 1718 4664 :

1069 4696 1121 4743 liae
1133 4693 1164 4742 ab
1179 4709 1240 4758 oqna
1256 4692 1322 4742 robis
1333 4693 1408 4758 gratia
1422 4696 1498 4760 major
1509 4696 1564 4746 erit.

1035 4777 1059 4825 Si
1072 4791 1118 4840 quo
1132 4791 1157 4824 ea
1172 4784 1260 4839 nuptu,
1269 4774 1330 4824 feres
1343 4773 1400 4824 hine
1409 4777 1492 4840 gaudia
1508 4779 1583 4828 multa
1596 4777 1686 4828 merito
1699 4796 1706 4830 :

1069 4859 1151 4924 siqua
1164 4858 1255 4924 puella,
1267 4859 1344 4908 ierem
1357 4875 1455 4910 munera
1471 4863 1547 4911 multa
1561 4863 1637 4928 proci.

1036 4943 1143 5007 Corpore
1155 4941 1174 4990 si
1187 4956 1233 5005 qua
1245 4949 1287 4990 tuo
1299 4950 1415 5006 qrraestum
1429 4941 1498 5000 iaris,
1513 4943 1576 4993 ilicet
1584 4940 1668 5009 ingens

1069 5026 1150 5074 Coelos
1161 5033 1294 5073 amatorum
1310 5033 1333 5074 te
1347 5035 1425 5074 manet
1439 5036 1494 5080 ante
1508 5026 1579 5079 lorea.

1319 5127 1378 5175 622.
1395 5130 1433 5175 De
1443 5125 1534 5177 eodem.

1035 5221 1082 5269 Sen
1094 5229 1192 5286 nuptam
1206 5217 1250 5270 tibi
1262 5219 1321 5269 fidus
1334 5235 1411 5280 amaa,
1426 5219 1473 5269 hoc
1487 5219 1551 5270 ionte
1563 5219 1644 5268 lavare
1657 5235 1665 5270 τ
