3734 5920
317 412 442 472 CAPUT
462 412 512 471 xl.
536 411 814 472 EP1Glttttttattt
839 408 1073 474 cotvrvatta
1093 416 1143 475 ET
1163 416 1367 478 lantsonis.

90 550 128 616 τῆς
139 541 292 608 παιωνιάθος
306 540 467 618 πληθόμενος
482 540 585 622 σοφίης,

58 645 130 692 πᾶσαν
142 630 206 710 ἔχων
220 629 368 709 πρόγνωσιν
383 633 409 688 ἐν
424 631 531 708 ἄλγεσιν
542 674 551 702 ,
562 629 593 688 οὗ
604 653 630 688 τι
645 629 767 708 περιττόν

87 723 145 779 ἄλλο
160 717 340 799 προαγγέλλων
355 718 372 788 ἢ
389 717 419 776 τδ
433 717 619 797 γενησόμενον.

55 806 201 881 Ἀλκιμένους
216 804 237 864 δ’
250 805 368 868 ἐδόκευεν
382 806 535 878 οἷνόκλισιν,
550 804 580 863 ἔκ
596 827 625 862 τε
637 803 779 882 προσώπου

13 924 33 964 to
87 893 202 978 φράζετο,
215 892 261 953 καλ
275 894 403 968 παλάμης
415 896 498 975 dicire
514 891 711 969 ἐπισταμένως,

54 985 91 1042 ντὶ
103 982 130 1040 τὸ
141 982 198 1060 περὶ
213 981 343 1060 κρισίμων
355 982 442 1062 φαέων
456 979 586 1060 ἐλογίζετο
601 980 729 1060 γράμμα,

85 1067 155 1127 πάντ’
169 1070 366 1144 δναπεμπάζων
378 1070 428 1148 οὐχ
441 1068 502 1135 tat<
516 1067 717 1146 Ἱπποκράτους.

55 1159 100 1218 Καὶ
112 1157 166 1216 τότε
177 1156 226 1230 τὴν
239 1155 386 1237 πρόγνωσιν
401 1159 426 1226 ἐς
438 1154 595 1232 Ἀλκιμένην
610 1153 736 1235 disputa

84 1243 332 1321 σεμνοπροσωπήοας
347 1243 393 1304 καὶ
406 1242 620 1322 σοθαρευόμενσς·

12 1363 30 1399 15
55 1361 64 1385 ν
79 1332 111 1392 Ei
120 1355 148 1409 γε
162 1330 262 1412 φάρυγξ
280 1330 433 1411 βομόεῦσα,
446 1333 492 1392 καὶ
504 1332 583 1410 άγρια
595 1331 722 1410 τόμμοιτα
737 1333 818 1391 πλευ·

84 1449 95 1474 ι
108 1419 150 1479 καὶ
161 1423 265 1500 πυρετῷ
280 1417 354 1491 λήξει
368 1427 471 1498 πνεῦμα
487 1419 671 1498 δασυνόμενον,
741 1419 818 1501 imi,

33 1509 123 1570 -oiairt
134 1507 247 1581 τεθνήξει
259 1509 414 1588 πλευρίτιδι·
430 1515 508 1568 τοῦτο
522 1509 573 1588 γδιρ
584 1513 650 1586 ἡμῖν

84 1595 230 1674 κσόμὸολον
247 1597 391 1673 ἐσσομένης
406 1597 476 1656 ἐστὶν
493 1596 676 1676 δπημοσόνης.

51 1684 229 1766 recipereris
245 1684 352 1762 νομικδν
368 1684 396 1746 δὲ
410 1687 506 1759 κάλει,
519 1687 565 1745 καὶ
577 1686 707 1766 χρήματα
722 1691 819 1744 σαυτοῦι

16 1803 35 1838 2.
84 1801 96 1825 ι
111 1764 138 1832 εδ
151 1773 262 1848 διαθεὶς,
279 1775 368 1854 βιότου
382 1777 447 1852 λῆγε
463 1773 669 1854 μιριμνοτόκου,

50 1861 203 1939 ancipitris
217 1862 323 1944 ἰητρθν,
340 1862 499 1944 προρρήσιος
512 1864 609 1922 εἵνεκεν
623 1864 731 1936 ἐσθλῆς,

81 1978 93 2002 ι
104 1950 244 2030 ἐντριτάτῃ
261 1951 339 2032 μοίρῃ
355 1951 469 2010 κάλλιπε
487 1953 657 2032 κληρονόμον.
672 1981 684 2004 ν

285 2101 353 2154 383.
375 2096 569 2157 nabaiot.

47 2225 91 2292 ἾΙν
103 2234 150 2312 ἄρα
161 2233 206 2292 καὶ
223 2233 340 2293 κάνθωσι
350 2235 428 2314 Τόχη
440 2237 546 2315 χαλεπά,
559 2259 587 2294 τε
600 2234 646 2294 καὶ
662 2233 756 2308 ἐσθλὴ,

79 2323 119 2381 καὶ
134 2320 233 2404 Κρόνος
243 2325 374 2403 ὡρονομεῖ
386 2323 554 2406 τετραπόδων
568 2323 678 2403 γένεσιν.

47 2410 126 2476 'bidae
137 2409 186 2486 γάρ
202 2411 251 2468 καὶ
260 2417 351 2471 τοῦτον
363 2411 422 2471 ὄνον
437 2413 554 2492 χαλεπός
567 2413 659 2493 χρόνος
672 2411 758 2491 ἔσχεν,

79 2497 101 2566 ἐξ
112 2497 293 2578 όλαδαρχείης
305 2505 493 2579 γραμματικοῦ
504 2498 621 2578 γέγονεν.

46 2589 119 2654 'iiiia
132 2585 217 2667 φόρτιν
233 2587 340 2658 λοιπόν,
352 2588 487 2660 κανθήλιε·
503 2597 697 2668 γραμματικοῖς
712 2585 763 2667 γθιρ

79 2672 131 2733 οὐδὲ
145 2675 221 2742 τελος
233 2681 327 2758 κριθῇ,
342 2685 386 2758 κρῖ
404 2677 432 2736 δὲ
447 2675 526 2755 μόνον
540 2677 656 2755 λέγεται.

292 2791 355 2873 aar.
378 2824 439 2870 ror
457 2823 563 2870 aanor.

47 2947 75 3004 Εἰ
88 2947 205 3026 μοναχοὶ,
220 2947 249 3007 τί
260 2948 378 3022 τοσοίδε;
394 2947 494 3009 τοσοίδε
507 2947 548 3022 δὲ,
560 2953 617 3018 πῶς
631 2949 697 3010 πάλι
712 2953 819 3028 μοῦνοι,

79 3024 111 3093 Ὦ
125 3034 224 3108 πληθὺς
238 3039 365 3117 μοναχῶν
376 3037 530 3118 ψευσαμένη
548 3038 666 3116 μονάδαθ

293 3183 356 3234 385.
376 3186 436 3233 ΤΟΥ
453 3185 560 3235 ΑΥΤΟΥ.

46 3301 155 3359 Πλαστδν
169 3300 298 3382 ἔχειςτδν
311 3301 413 3382 ἔρωτα,
429 3303 503 3382 φόόῳ
514 3303 541 3362 δὲ
555 3307 638 3384 φιλεῖς
647 3304 692 3364 καὶ
705 3303 819 3386 ἀνάγκη·

77 3396 117 3450 roi
134 3391 160 3450 δὲ
176 3393 263 3473 φιλεῖν
274 3391 357 3460 οὕτως
367 3390 441 3452 οὐδὲν
454 3391 638 3468 ἀπιστότερον.

294 3514 356 3588 aaa.
375 3540 434 3588 ror
452 3540 559 3588 saror.

38 3664 152 3738 ’Στυγνὴν
161 3665 209 3736 τὴν
226 3663 312 3737 Νίκην
327 3689 366 3731 τις
381 3662 442 3724 ἰδὼν
453 3664 522 3724 κατδι
534 3664 582 3737 τὴν
599 3666 675 3726 πολιν
690 3665 763 3747 ἐχθὲς

77 3742 137 3810 εἶτε·
155 3780 167 3804 ε
183 3752 243 3816 (risi
259 3753 348 3826 Νίκη,
365 3757 442 3813 τίπτε
456 3754 587 3821 πέπονθας
603 3755 672 3832 ἄρα,
683 3779 696 3806 ν

70 3924 97 3970 tt
109 3921 145 3971 cui
159 3922 260 3972 Paeoniae
279 3921 398 3986 maximus
410 3922 468 3972 artis
479 3921 573 3985 bonos3

44 4003 119 4054 Omnia
129 4003 273 4054 morborum
288 4004 327 4053 cui
345 4019 413 4054 mens
426 4013 474 4054 tam
486 4013 552 4054 certa
564 4003 677 4065 videbat,

71 4087 160 4137 Diceret
172 4097 199 4136 ut
211 4095 301 4154 preter
313 4086 362 4136 iata
374 4084 455 4137 iutnra
467 4081 539 4137 nihii.

44 4168 161 4219 Alcimenis
174 4168 271 4220 ruitum
286 4168 352 4218 videt
362 4166 419 4231 bio,
432 4167 592 4235 habitumque
601 4168 718 4235 jacentis,

71 4255 147 4304 Utitur
164 4263 191 4304 et
202 4269 279 4304 renas
297 4253 438 4319 experiente
452 4268 538 4311 manu,

43 4337 166 4403 Jndiciiqne
177 4338 247 4399 dies,
263 4346 373 4386 veterum
387 4353 448 4403 qnos
458 4338 548 4403 scripta
565 4338 704 4400 celebrant,

70 4423 207 4488 Computat,
217 4432 245 4472 et
255 4438 352 4472 normas
367 4421 480 4487 praedicat
491 4423 653 4489 Hippocratis.

34 4505 148 4566 ⁸Omnibos
163 4505 275 4572 expensis
293 4505 389 4554 tandem
405 4521 517 4571 responsa
531 4505 621 4572 proiari

33 4607 37 4654 .'
70 4586 166 4654 Incipit,
178 4588 295 4639 attollens
304 4587 396 4652 grande
411 4587 585 4653 supercilium:

34 4668 62 4716 ,Si
77 4669 152 4721 lateris
166 4682 244 4723 caret
260 4672 341 4735 dolor,
355 4682 380 4722 et
392 4674 452 4723 ravis
464 4691 548 4740 aspera
560 4675 638 4726 fauces

71 4755 179 4818 Deserat,
192 4766 268 4821 atque
285 4756 356 4806 abeat
372 4756 446 4806 iebria
460 4757 617 4815 anhelanti,

35 4836 90 4884 aaa
102 4837 146 4887 tibi
157 4855 223 4890 mors
238 4839 320 4890 veniet
330 4839 416 4890 morbo
434 4841 569 4908 pleuritidis
581 4857 588 4891 :
601 4843 644 4892 ista

71 4921 161 4988 Quippe
171 4939 304 4974 reversurae
317 4925 382 4991 sigua
394 4925 476 4974 salutis
489 4935 569 4977 emnt.

43 5005 100 5052 Pone
117 5016 206 5056 metum
223 5023 230 5058 τ
245 5007 339 5058 tabulas
353 5009 431 5072 legum
444 5008 550 5059 dictante
566 5010 645 5077 perito

73 5087 178 5150 Cortice,
189 5094 245 5140 nec'
254 5089 310 5142 rite
328 5090 359 5140 sit
370 5090 415 5140 tibi
432 5107 490 5140 cura
502 5107 584 5158 super,

46 5168 69 5214 Et
82 5169 195 5221 medicum
210 5181 313 5240 propter
324 5173 387 5224 bona
399 5189 438 5222 me
448 5189 559 5238 responsa
574 5185 696 5226 memento

74 5257 191 5307 fluertem
208 5269 294 5325 quarta
303 5259 409 5311 scriiaere
421 5267 489 5326 parte
502 5268 579 5311 tunm.

1587 428 1642 486 331

898 551 993 614 paeonia
1009 554 1116 604 refertas
1127 553 1251 617 doctrina,

866 653 964 690 omnem
977 639 1071 692 habens
1092 643 1268 706 praenotionem
1286 643 1312 694 in
1334 644 1476 707 doloribus,
1503 661 1552 698 nnn
1576 649 1648 712 quid-

896 727 963 778 aliud
973 732 1142 792 pronuntians
1153 745 1228 796 quam
1237 733 1358 784 iuturu'm.
1439 734 1529 799 [quam
1544 739 1650 801 amplius

866 815 997 866 Alcimcnis
1007 820 1089 869 autem
1103 819 1247 883 inspiciebat
1258 821 1411 884 decubitum,
1426 826 1452 873 et
1463 838 1491 874 ex
1502 824 1563 874 facie

896 904 1093 968 ratiocinabatur,
1104 909 1239 959 cimanum
1250 909 1366 974 tangebat
1379 911 1449 972 scite,

865 994 891 1040 ct
899 991 930 1040 tie
942 992 1034 1042 criticis
1042 992 1130 1044 diebus
1143 995 1400 1059 mente-percensebat
1413 997 1541 1062 scriptum,

896 1078 979 1130 omnia
988 1079 1211 1146 animo-repetens,
1226 1096 1275 1132 non
1287 1083 1440 1135 dissimiliter
1452 1085 1602 1151 Hippocrati.

866 1169 897 1216 Et
907 1169 966 1217 tunc
976 1169 1152 1233 praenotionem
1161 1173 1187 1222 in
1198 1171 1346 1222 tticimeaem
1362 1174 1640 1226 alta-voceenuntiabat

896 1255 1241 1317 gravitatem-induensrulttt
1252 1261 1279 1310 et
1286 1259 1427 1324 superbiam
1438 1278 1446 1312 ε

867 1363 879 1386 a
893 1344 917 1392 Si
927 1343 1014 1407 utique
1022 1344 1110 1408 guttur
1117 1359 1238 1406 resonare,
1249 1350 1275 1397 et
1286 1335 1421 1399 carlictus
1428 1349 1512 1400 lateris
1520 1363 1651 1414 parspere,

896 1432 922 1480 et
931 1431 994 1481 febri
1003 1431 1103 1483 desierit
1112 1432 1212 1497 spiritus
1221 1434 1329 1498 densati,

866 1533 914 1568 non
922 1521 973 1582 jam
986 1520 1099 1571 morieris
1110 1521 1313 1574 laterum-morbo
1323 1539 1329 1572 ι
1339 1523 1386 1574 hoc
1401 1523 1467 1574 enim
1479 1525 1552 1578 nobis

896 1603 1034 1666 symbolum
1045 1605 1137 1656 iuturae
1148 1609 1187 1656 est
1200 1606 1320 1658 samtatis.

865 1691 1082 1754 lionoris-animo,
1099 1693 1144 1744 ced
1155 1693 1311 1746 tabellionem
1322 1709 1394 1758 voca,
1404 1700 1430 1747 et
1443 1696 1507 1748 bona
1522 1697 1651 1762 tui-ipsius

896 1783 957 1834 bene
966 1782 1112 1846 disponens,
1127 1784 1205 1834 vitam
1214 1784 1299 1836 desine
1310 1787 1591 1852 curarum-genitricem,

864 1873 891 1918 et
903 1884 943 1920 me
957 1871 1090 1936 medicum,
1105 1873 1214 1924 ratidnii
1228 1873 1307 1938 gratia
1317 1873 1389 1935 boni,

896 1957 921 2006 in
932 1958 1007 2008 tertia
1019 1961 1090 2022 parte
1104 1959 1213 2022 retiaque
1223 1959 1348 2010 herodem.
1363 1980 1375 2004 ν

1139 2105 1194 2152 383.
1212 2103 1372 2151 PALIADAE.

865 2241 909 2288 Est
920 2250 978 2302 crgo
991 2241 1017 2288 et
1026 2237 1101 2288 asinis
1114 2239 1222 2288 Fortuna
1233 2236 1487 2300 ammonariam,
1585 2253 1586 2256 ’

895 2329 922 2376 et
929 2329 1050 2386 Saturnus
1058 2325 1201 2376 dominatur
1209 2324 1400 2393 quadrupedum
1411 2325 1501 2388 genesi

864 2417 958 2478 Exquo
972 2415 1038 2464 enim
1050 2416 1076 2465 et
1086 2412 1154 2464 bunc
1163 2413 1476 2478 asinurndiiflciietempus
1492 2413 1588 2475 habuit,

895 2517 927 2554 ex
936 2503 1161 2554 alabarciaae-domo
1172 2503 1324 2568 grammatici
1333 2502 1475 2553 est-iactus.

866 2592 965 2644 sustine
979 2593 1042 2643 terre
1054 2591 1177 2656 deinceps,
1192 2591 1259 2642 asine
1271 2611 1277 2640 :
1288 2590 1451 2655 grunmaticis
1463 2591 1528 2641 enini

898 2695 946 2731 non
960 2683 998 2731 est
1014 2680 1070 2730 sanis
1081 2679 1182 2742 hordeo,
1196 2679 1241 2730 sed
1252 2698 1263 2720 ιι
1276 2679 1322 2729 hor
1334 2699 1346 2723 ν
1356 2682 1453 2729 tantum
1467 2679 1565 2730 dicitur.

1147 2830 1202 2876 ³84.
1224 2829 1375 2874 muscam.

865 2963 891 3013 si
902 2963 1024 3026 monachi,
1038 2962 1082 3012 cu'r
1094 2964 1149 3013 tot?
1158 2965 1200 3012 -tot
1210 2975 1278 3023 vero,
1294 2962 1514 3026 quomodorursus
1528 2962 1592 3014 soli?

897 3056 918 3102 0
933 3051 1066 3102 multitudo
1077 3049 1256 3100 monachornm
1269 3051 1372 3101 mentita
1382 3051 1526 3102 monadem!

1145 3197 1201 3244 ³85.
1222 3201 1369 3245 musaea.

867 3319 963 3369 Fictum
972 3316 1178 3372 trabesamorem;
1191 3316 1260 3366 metu
1273 3313 1339 3364 enim
1353 3326 1422 3363 amas
1437 3317 1463 3363 et
1473 3312 1619 3363 necessitate
1633 3328 1641 3357 ι

898 3419 982 3457 amore
996 3409 1079 3455 antem
1093 3403 1214 3468 eiusmodi
1226 3402 1286 3452 nihil
1303 3400 1416 3452 insidias.

1150 3542 1206 3590 386.
1226 3548 1378 3590 ntusotttt.

866 3671 972 3724 Tristem
985 3670 1114 3721 victoriam
1131 3641 1253 3735 quispiam
1265 3669 1421 3734 conspicatus
1435 3682 1479 3734 per
1491 3669 1578 3720 mbem
1591 3669 1644 3721 trcri

897 3760 961 3812 dixit
976 3782 983 3810 ι
998 3781 1009 3804 ι
1024 3763 1077 3810 Dea
1086 3759 1209 3821 victoria,
1222 3759 1338 3822 quidnam
1353 3772 1463 3822 passa-es
1474 3757 1566 3822 igitur?
1579 3777 1592 3803 a

1155 3922 1213 3969 383.
1234 3936 1360 3968 ranarum.

843 4031 846 4045 ¹
868 4024 929 4083 Ergo
941 4035 992 4070 sors
1008 4018 1082 4068 etiam
1101 4019 1165 4068 bona
1176 4019 1215 4067 rei
1232 4018 1296 4067 maia
1311 4025 1390 4066 versat
1400 4015 1499 4078 ascitos,

901 4105 963 4152 Sunt
976 4111 1001 4151 et
1016 4101 1263 4168 quadrupedumque
1275 4115 1349 4164 genus
1367 4107 1430 4148 astra
1446 4107 1538 4163 regnat.

865 4190 914 4236 Iste
930 4185 1082 4236 Atabarcbita
1094 4184 1172 4235 inerat
1187 4182 1334 4248 sagmarius,
1350 4192 1376 4232 at
1391 4197 1455 4232 nnnc

900 4273 983 4330 Paret,
996 4267 1092 4318 Saturni
1104 4266 1196 4326 sidere,
1206 4263 1380 4316 Grammatico.

868 4357 969 4416 Restat,
985 4352 1073 4412 aselle,
1088 4350 1147 4400 ieras
1163 4350 1228 4416 quod
1243 4365 1294 4400 sors
1304 4348 1377 4415 jubet
1389 4364 1396 4400 :
1409 4346 1491 4398 omnia
1503 4355 1601 4396 curtant

901 4434 1073 4497 Garamantici,
1092 4435 1191 4496 dicunt,
1202 4450 1240 4494 es,
1253 4448 1366 4500 quoque,
1377 4447 1427 4481 non
1435 4431 1547 4483 mmede.

1166 4533 1227 4590 aas.
1244 4547 1366 4580 nusum

866 4636 891 4686 Si
906 4632 1032 4694 monachi,
1044 4648 1089 4683 cur
1106 4637 1162 4684 tot?
1177 4631 1197 4682 si
1211 4640 1261 4694 tot,
1280 4647 1324 4681 cur
1338 4628 1438 4679 nomine
1453 4629 1512 4680 tati?
1558 4663 1562 4674 .

812 4733 814 4736 ·
900 4719 969 4769 Solos
985 4733 1011 4768 se
1029 4715 1076 4767 dici
1095 4732 1145 4767 non
1157 4715 1221 4767 bene
1236 4715 1308 4766 turba
1323 4712 1418 4764 volunt.

1160 4815 1219 4865 385.
1237 4830 1355 4863 uranu.

867 4899 947 4949 Fictus
962 4914 1031 4948 amor
1043 4907 1099 4947 tuus
1117 4905 1154 4946 eet
1168 4912 1175 4947 :
1194 4905 1272 4945 metus
1284 4903 1369 4945 auctor
1387 4903 1413 4944 et
1426 4901 1512 4944 auctor
1524 4901 1628 4960 egesta53

900 4983 956 5031 Noa
971 4989 1007 5030 est
1019 4979 1076 5042 bic,
1091 4977 1157 5029 credi
1170 4977 1210 5027 cui
1227 4977 1290 5027 bene
1309 4976 1396 5042 possit,
1409 4991 1489 5028 amor.

1168 5082 1225 5130 386.
1244 5095 1364 5128 annonara.

867 5183 928 5231 Cum
943 5179 1067 5247 preferret
1083 5179 1136 5229 iteri
1152 5178 1245 5228 tristem
1260 5175 1371 5226 Victoria
1382 5176 1485 5240 mltum,

900 5262 986 5313 Nescio
1002 5261 1072 5329 quis,
1092 5261 1156 5326 Quid
1172 5270 1195 5310 te
1216 5269 1265 5310 taur
1283 5259 1360 5322 maie,
1374 5258 1451 5320 dixit,
1468 5257 1563 5308 babet?
