<?xml version="1.0" encoding="UTF-8"?>
<!DOCTYPE html PUBLIC "-//W3C//DTD XHTML 1.0 Transitional//EN"
    "http://www.w3.org/TR/xhtml1/DTD/xhtml1-transitional.dtd">
<html xmlns="http://www.w3.org/1999/xhtml" xml:lang="en" lang="en">
 <head>
  <title>
</title>
<meta http-equiv="Content-Type" content="text/html;charset=utf-8" />
  <meta name='ocr-system' content='tesseract 3.04.00' />
  <meta name='ocr-capabilities' content='ocr_page ocr_carea ocr_par ocr_line ocrx_word'/>
</head>
<body>
  <div class='ocr_page' id='page_1' title='image "./epigrammatumant00couggoog_0163.png"; bbox 0 0 3774 5914; ppageno 0'>
   <div class='ocr_carea' id='block_1_1' title="bbox 422 405 1278 469">
    <p class='ocr_par' dir='ltr' id='par_1_1' title="bbox 422 405 1278 469">
     <span class='ocr_line' id='line_1_1' title="bbox 422 405 1278 469; baseline 0.001 -2"><span class='ocrx_word' id='word_1_1' title='bbox 422 407 546 468; x_wconf 83' lang='lat' dir='ltr'>CAPUT</span> <span class='ocrx_word' id='word_1_2' title='bbox 566 407 616 466; x_wconf 90' lang='lat' dir='ltr'><strong>lX.</strong></span> <span class='ocrx_word' id='word_1_3' title='bbox 639 405 920 466; x_wconf 76' lang='lat' dir='ltr'><strong>EPltillAllllllA&#39;lA</strong></span> <span class='ocrx_word' id='word_1_4' title='bbox 943 407 1278 469; x_wconf 81' lang='lat' dir='ltr'><strong>llElllONSTRATlVA.</strong></span> 
     </span>
    </p>
   </div>
   <div class='ocr_carea' id='block_1_2' title="bbox 18 536 785 1410">
    <p class='ocr_par' dir='ltr' id='par_1_2' title="bbox 18 536 785 1410">
     <span class='ocr_line' id='line_1_2' title="bbox 31 536 785 620; baseline -0.011 -18"><span class='ocrx_word' id='word_1_5' title='bbox 31 567 43 606; x_wconf 85' lang='grc' dir='ltr'>ε</span> <span class='ocrx_word' id='word_1_6' title='bbox 64 541 102 602; x_wconf 82' lang='grc' dir='ltr'><strong>καί</strong></span> <span class='ocrx_word' id='word_1_7' title='bbox 114 543 231 620; x_wconf 74' lang='grc' dir='ltr'>γλυκερῆς</span> <span class='ocrx_word' id='word_1_8' title='bbox 245 537 389 618; x_wconf 76' lang='grc' dir='ltr'>τρίστοιχος</span> <span class='ocrx_word' id='word_1_9' title='bbox 402 537 552 615; x_wconf 78' lang='grc' dir='ltr'>ίπεμάαδὸν</span> <span class='ocrx_word' id='word_1_10' title='bbox 567 537 644 604; x_wconf 90' lang='grc' dir='ltr'>ἀλλος</span> <span class='ocrx_word' id='word_1_11' title='bbox 655 540 697 596; x_wconf 80' lang='grc' dir='ltr'><strong>ἐπ’</strong></span> <span class='ocrx_word' id='word_1_12' title='bbox 713 536 785 617; x_wconf 84' lang='grc' dir='ltr'>ἀλλιρ</span> 
     </span>
     <span class='ocr_line' id='line_1_3' title="bbox 97 624 615 705; baseline -0.012 -19"><span class='ocrx_word' id='word_1_13' title='bbox 97 628 189 704; x_wconf 79' lang='grc' dir='ltr'>μαστὸς</span> <span class='ocrx_word' id='word_1_14' title='bbox 204 624 336 684; x_wconf 80' lang='grc' dir='ltr'>ἀναθλίύει</span> <span class='ocrx_word' id='word_1_15' title='bbox 349 625 472 705; x_wconf 79' lang='grc' dir='ltr'>χεύματα</span> <span class='ocrx_word' id='word_1_16' title='bbox 487 626 615 691; x_wconf 80' lang='grc' dir='ltr'>Ναϊάδος·</span> 
     </span>
     <span class='ocr_line' id='line_1_4' title="bbox 62 703 688 792; baseline -0.014 -15"><span class='ocrx_word' id='word_1_17' title='bbox 62 719 145 777; x_wconf 84' lang='grc' dir='ltr'>ὁππόθι</span> <span class='ocrx_word' id='word_1_18' title='bbox 159 713 311 792; x_wconf 83' lang='grc' dir='ltr'>δενδρήεντα</span> <span class='ocrx_word' id='word_1_19' title='bbox 329 714 412 792; x_wconf 85' lang='grc' dir='ltr'>γέρων</span> <span class='ocrx_word' id='word_1_20' title='bbox 427 711 608 792; x_wconf 75' lang='grc' dir='ltr'>παρανήχεται</span> <span class='ocrx_word' id='word_1_21' title='bbox 623 703 688 791; x_wconf 77' lang='grc' dir='ltr'>Ἶρις</span> 
     </span>
     <span class='ocr_line' id='line_1_5' title="bbox 93 799 664 883; baseline -0.011 -20"><span class='ocrx_word' id='word_1_22' title='bbox 93 809 187 883; x_wconf 75' lang='grc' dir='ltr'>χῶρον,</span> <span class='ocrx_word' id='word_1_23' title='bbox 199 801 384 880; x_wconf 78' lang='grc' dir='ltr'>Ἁμαδρυάδων</span> <span class='ocrx_word' id='word_1_24' title='bbox 399 799 481 860; x_wconf 86' lang='grc' dir='ltr'>ἔνδιον</span> <span class='ocrx_word' id='word_1_25' title='bbox 494 800 664 880; x_wconf 78' lang='grc' dir='ltr'>θὸροκόμων,</span> 
     </span>
     <span class='ocr_line' id='line_1_6' title="bbox 61 887 741 969; baseline -0.009 -17"><span class='ocrx_word' id='word_1_26' title='bbox 61 895 218 969; x_wconf 80' lang='grc' dir='ltr'>καὶλιπαρῆς</span> <span class='ocrx_word' id='word_1_27' title='bbox 232 887 356 965; x_wconf 79' lang='grc' dir='ltr'>εὔὸοτρυν</span> <span class='ocrx_word' id='word_1_28' title='bbox 374 891 413 947; x_wconf 91' lang='grc' dir='ltr'>ἀν’</span> <span class='ocrx_word' id='word_1_29' title='bbox 425 891 523 967; x_wconf 79' lang='grc' dir='ltr'>ὀργάδα</span> <span class='ocrx_word' id='word_1_30' title='bbox 539 891 638 966; x_wconf 85' lang='grc' dir='ltr'>καρπὸς</span> <span class='ocrx_word' id='word_1_31' title='bbox 653 889 741 962; x_wconf 77' lang='grc' dir='ltr'>ἐλαίης</span> 
     </span>
     <span class='ocr_line' id='line_1_7' title="bbox 18 976 695 1056; baseline -0.004 -20"><span class='ocrx_word' id='word_1_32' title='bbox 18 1003 39 1042; x_wconf 84' lang='grc' dir='ltr'><strong>ιο</strong></span> <span class='ocrx_word' id='word_1_33' title='bbox 96 980 179 1036; x_wconf 88' lang='grc' dir='ltr'>θάλλει</span> <span class='ocrx_word' id='word_1_34' title='bbox 193 976 374 1056; x_wconf 80' lang='grc' dir='ltr'>ἀρισταρύλων</span> <span class='ocrx_word' id='word_1_35' title='bbox 392 977 508 1036; x_wconf 77' lang='grc' dir='ltr'>πάντοσε</span> <span class='ocrx_word' id='word_1_36' title='bbox 523 977 695 1036; x_wconf 83' lang='grc' dir='ltr'>θειλοπέδων·</span> 
     </span>
     <span class='ocr_line' id='line_1_8' title="bbox 60 1063 727 1146; baseline -0.004 -19"><span class='ocrx_word' id='word_1_37' title='bbox 60 1071 83 1128; x_wconf 82' lang='lat' dir='ltr'><strong>ul</strong></span> <span class='ocrx_word' id='word_1_38' title='bbox 102 1063 127 1126; x_wconf 81' lang='lat' dir='ltr'><strong>di</strong></span> <span class='ocrx_word' id='word_1_39' title='bbox 140 1064 212 1146; x_wconf 79' lang='grc' dir='ltr'>πέριξ</span> <span class='ocrx_word' id='word_1_40' title='bbox 225 1067 384 1144; x_wconf 81' lang='grc' dir='ltr'>λαλαγεῦσιν</span> <span class='ocrx_word' id='word_1_41' title='bbox 405 1066 525 1139; x_wconf 79' lang='grc' dir='ltr'>ἀηδόνες·</span> <span class='ocrx_word' id='word_1_42' title='bbox 540 1063 567 1132; x_wconf 89' lang='grc' dir='ltr'><strong>θς</strong></span> <span class='ocrx_word' id='word_1_43' title='bbox 588 1064 615 1122; x_wconf 80' lang='grc' dir='ltr'><strong>δὲ</strong></span> <span class='ocrx_word' id='word_1_44' title='bbox 630 1065 727 1140; x_wconf 79' lang='grc' dir='ltr'>μιλίζει</span> 
     </span>
     <span class='ocr_line' id='line_1_9' title="bbox 94 1152 615 1236; baseline -0.002 -25"><span class='ocrx_word' id='word_1_45' title='bbox 94 1155 200 1234; x_wconf 68' lang='lat' dir='ltr'><strong>impiis</strong></span> <span class='ocrx_word' id='word_1_46' title='bbox 214 1153 298 1223; x_wconf 79' lang='grc' dir='ltr'>τέττιξ</span> <span class='ocrx_word' id='word_1_47' title='bbox 314 1154 461 1236; x_wconf 76' lang='grc' dir='ltr'>φθέγματος</span> <span class='ocrx_word' id='word_1_48' title='bbox 476 1152 615 1230; x_wconf 74' lang='grc' dir='ltr'>ἁρμονίαν.</span> 
     </span>
     <span class='ocr_line' id='line_1_10' title="bbox 60 1241 768 1323; baseline 0.001 -22"><span class='ocrx_word' id='word_1_49' title='bbox 60 1243 127 1301; x_wconf 78' lang='lat' dir='ltr'><strong>&#39;alit</strong></span> <span class='ocrx_word' id='word_1_50' title='bbox 140 1242 182 1301; x_wconf 82' lang='grc' dir='ltr'><strong>τὸν</strong></span> <span class='ocrx_word' id='word_1_51' title='bbox 197 1243 340 1314; x_wconf 73' lang='grc' dir='ltr'>ἀκλάρῖστον</span> <span class='ocrx_word' id='word_1_52' title='bbox 353 1243 438 1314; x_wconf 71' lang='grc' dir='ltr'>ὅπως,</span> <span class='ocrx_word' id='word_1_53' title='bbox 457 1241 526 1315; x_wconf 82' lang='grc' dir='ltr'>ξένε,</span> <span class='ocrx_word' id='word_1_54' title='bbox 541 1243 577 1318; x_wconf 74' lang='grc' dir='ltr'>μή</span> <span class='ocrx_word' id='word_1_55' title='bbox 591 1265 624 1316; x_wconf 90' lang='grc' dir='ltr'><strong>με</strong></span> <span class='ocrx_word' id='word_1_56' title='bbox 638 1243 768 1323; x_wconf 72' lang='grc' dir='ltr'>παρέλθῃς</span> 
     </span>
     <span class='ocr_line' id='line_1_11' title="bbox 93 1331 636 1410; baseline 0.002 -19"><span class='ocrx_word' id='word_1_57' title='bbox 93 1333 160 1391; x_wconf 76' lang='grc' dir='ltr'>τόνδε</span> <span class='ocrx_word' id='word_1_58' title='bbox 172 1332 267 1410; x_wconf 85' lang='grc' dir='ltr'>δόμον,</span> <span class='ocrx_word' id='word_1_59' title='bbox 280 1334 352 1402; x_wconf 77' lang='grc' dir='ltr'>λιτῆς</span> <span class='ocrx_word' id='word_1_60' title='bbox 365 1331 388 1389; x_wconf 83' lang='grc' dir='ltr'><strong>δ’</strong></span> <span class='ocrx_word' id='word_1_61' title='bbox 401 1331 524 1390; x_wconf 87' lang='grc' dir='ltr'>ἀντίασον</span> <span class='ocrx_word' id='word_1_62' title='bbox 543 1331 636 1402; x_wconf 76' lang='grc' dir='ltr'>Εενίης.</span> 
     </span>
    </p>
   </div>
   <div class='ocr_carea' id='block_1_3' title="bbox 301 1483 569 1647">
    <p class='ocr_par' dir='ltr' id='par_1_3' title="bbox 301 1483 569 1647">
     <span class='ocr_line' id='line_1_12' title="bbox 301 1483 569 1534; baseline -0.011 0"><span class='ocrx_word' id='word_1_63' title='bbox 301 1483 364 1534; x_wconf 71' lang='grc'><strong>609.</strong></span> <span class='ocrx_word' id='word_1_64' title='bbox 382 1485 442 1530; x_wconf 82' lang='grc' dir='ltr'><strong>ΤΟΥ</strong></span> <span class='ocrx_word' id='word_1_65' title='bbox 464 1485 569 1532; x_wconf 67' lang='grc' dir='ltr'><strong>ΑΥΤΟΥ.</strong></span> 
     </span>
     <span class='ocr_line' id='line_1_13' title="bbox 355 1589 518 1647; baseline 0.025 -9"><span class='ocrx_word' id='word_1_66' title='bbox 355 1592 396 1647; x_wconf 71' lang='lat' dir='ltr'><strong>Ek</strong></span> <span class='ocrx_word' id='word_1_67' title='bbox 412 1591 440 1640; x_wconf 81' lang='grc' dir='ltr'>τὸ</span> <span class='ocrx_word' id='word_1_68' title='bbox 452 1589 518 1642; x_wconf 77' lang='grc' dir='ltr'>αὑτό.</span> 
     </span>
    </p>
   </div>
   <div class='ocr_carea' id='block_1_4' title="bbox 16 1715 828 2762">
    <p class='ocr_par' dir='ltr' id='par_1_4' title="bbox 16 1715 828 2762">
     <span class='ocr_line' id='line_1_14' title="bbox 57 1715 787 1796; baseline 0.004 -21"><span class='ocrx_word' id='word_1_69' title='bbox 57 1717 126 1796; x_wconf 81' lang='grc' dir='ltr'>Δεῦρ’</span> <span class='ocrx_word' id='word_1_70' title='bbox 138 1715 184 1787; x_wconf 86' lang='grc' dir='ltr'>ίθι,</span> <span class='ocrx_word' id='word_1_71' title='bbox 200 1715 275 1794; x_wconf 77' lang='grc' dir='ltr'>βαιὸν</span> <span class='ocrx_word' id='word_1_72' title='bbox 285 1761 294 1791; x_wconf 94' lang='grc'>,</span> <span class='ocrx_word' id='word_1_73' title='bbox 306 1717 393 1785; x_wconf 62' lang='lat' dir='ltr'><strong>turs,</strong></span> <span class='ocrx_word' id='word_1_74' title='bbox 407 1716 495 1776; x_wconf 86' lang='grc' dir='ltr'>πεσὼν</span> <span class='ocrx_word' id='word_1_75' title='bbox 511 1716 562 1778; x_wconf 74' lang='lat' dir='ltr'><strong>bari</strong></span> <span class='ocrx_word' id='word_1_76' title='bbox 574 1719 680 1778; x_wconf 82' lang='grc' dir='ltr'>δάσκιον</span> <span class='ocrx_word' id='word_1_77' title='bbox 695 1718 787 1787; x_wconf 79' lang='grc' dir='ltr'>ἄλσος,</span> 
     </span>
     <span class='ocr_line' id='line_1_15' title="bbox 91 1805 649 1884; baseline 0.007 -22"><span class='ocrx_word' id='word_1_78' title='bbox 91 1805 223 1880; x_wconf 85' lang='grc' dir='ltr'>ἀμπαυσον</span> <span class='ocrx_word' id='word_1_79' title='bbox 238 1806 361 1881; x_wconf 84' lang='grc' dir='ltr'>καμάτου</span> <span class='ocrx_word' id='word_1_80' title='bbox 381 1806 441 1884; x_wconf 86' lang='grc' dir='ltr'>γυῖα</span> <span class='ocrx_word' id='word_1_81' title='bbox 455 1807 649 1879; x_wconf 87' lang='grc' dir='ltr'>πολυπλανέος,</span> 
     </span>
     <span class='ocr_line' id='line_1_16' title="bbox 57 1891 767 1976; baseline 0.006 -27"><span class='ocrx_word' id='word_1_82' title='bbox 57 1891 147 1970; x_wconf 70' lang='grc' dir='ltr'>χλωρὸν</span> <span class='ocrx_word' id='word_1_83' title='bbox 161 1891 226 1952; x_wconf 84' lang='grc' dir='ltr'>ὅπου</span> <span class='ocrx_word' id='word_1_84' title='bbox 239 1892 381 1950; x_wconf 82' lang='grc' dir='ltr'>πλατάνων</span> <span class='ocrx_word' id='word_1_85' title='bbox 396 1893 553 1974; x_wconf 75' lang='grc' dir='ltr'>αύτόρρυτον</span> <span class='ocrx_word' id='word_1_86' title='bbox 567 1899 593 1961; x_wconf 88' lang='grc' dir='ltr'><strong>ἔς</strong></span> <span class='ocrx_word' id='word_1_87' title='bbox 607 1893 686 1970; x_wconf 81' lang='grc' dir='ltr'>μέσον</span> <span class='ocrx_word' id='word_1_88' title='bbox 699 1894 767 1976; x_wconf 76' lang='grc' dir='ltr'>’ύδωρ</span> 
     </span>
     <span class='ocr_line' id='line_1_17' title="bbox 90 1979 675 2060; baseline 0.002 -22"><span class='ocrx_word' id='word_1_89' title='bbox 90 1979 154 2038; x_wconf 69' lang='grc' dir='ltr'>καλά</span> <span class='ocrx_word' id='word_1_90' title='bbox 167 1980 354 2059; x_wconf 87' lang='grc' dir='ltr'>πολυκρούνων</span> <span class='ocrx_word' id='word_1_91' title='bbox 367 1981 505 2060; x_wconf 83' lang='grc' dir='ltr'>ἔκπρορέεε</span> <span class='ocrx_word' id='word_1_92' title='bbox 520 1983 675 2058; x_wconf 83' lang='grc' dir='ltr'>στομάτων·</span> 
     </span>
     <span class='ocr_line' id='line_1_18' title="bbox 25 2065 709 2150; baseline 0.007 -27"><span class='ocrx_word' id='word_1_93' title='bbox 25 2099 35 2134; x_wconf 71' lang='lat'><strong>5</strong></span> <span class='ocrx_word' id='word_1_94' title='bbox 57 2068 140 2126; x_wconf 75' lang='grc' dir='ltr'>θππόθι</span> <span class='ocrx_word' id='word_1_95' title='bbox 154 2065 305 2146; x_wconf 74' lang='grc' dir='ltr'>πορφυρέης</span> <span class='ocrx_word' id='word_1_96' title='bbox 321 2065 388 2150; x_wconf 80' lang='grc' dir='ltr'>ὑπὲρ</span> <span class='ocrx_word' id='word_1_97' title='bbox 406 2067 519 2138; x_wconf 83' lang='grc' dir='ltr'>αύλακος</span> <span class='ocrx_word' id='word_1_98' title='bbox 535 2070 603 2150; x_wconf 81' lang='grc' dir='ltr'>εἴαρι</span> <span class='ocrx_word' id='word_1_99' title='bbox 620 2071 709 2130; x_wconf 87' lang='grc' dir='ltr'>θάλλει</span> 
     </span>
     <span class='ocr_line' id='line_1_19' title="bbox 91 2155 607 2238; baseline 0.01 -23"><span class='ocrx_word' id='word_1_100' title='bbox 91 2155 163 2236; x_wconf 83' lang='grc' dir='ltr'>ύγρδν</span> <span class='ocrx_word' id='word_1_101' title='bbox 177 2155 215 2213; x_wconf 79' lang='lat' dir='ltr'><strong>ios</strong></span> <span class='ocrx_word' id='word_1_102' title='bbox 237 2156 315 2238; x_wconf 79' lang='grc' dir='ltr'>ροδέη</span> <span class='ocrx_word' id='word_1_103' title='bbox 329 2157 487 2238; x_wconf 84' lang='grc' dir='ltr'>κιρνάμενον</span> <span class='ocrx_word' id='word_1_104' title='bbox 503 2159 607 2221; x_wconf 81' lang='grc' dir='ltr'>κάλυκι.</span> 
     </span>
     <span class='ocr_line' id='line_1_20' title="bbox 56 2243 690 2330; baseline 0.005 -27"><span class='ocrx_word' id='word_1_105' title='bbox 56 2243 135 2303; x_wconf 86' lang='grc' dir='ltr'>Ἠνίθε</span> <span class='ocrx_word' id='word_1_106' title='bbox 146 2249 200 2311; x_wconf 83' lang='grc' dir='ltr'><strong>πῶς</strong></span> <span class='ocrx_word' id='word_1_107' title='bbox 212 2246 349 2324; x_wconf 84' lang='grc' dir='ltr'>δροσεροῑο</span> <span class='ocrx_word' id='word_1_108' title='bbox 364 2246 442 2306; x_wconf 84' lang='grc' dir='ltr'>πέδον</span> <span class='ocrx_word' id='word_1_109' title='bbox 455 2249 582 2322; x_wconf 83' lang='grc' dir='ltr'>λειμῶνος</span> <span class='ocrx_word' id='word_1_110' title='bbox 596 2247 690 2330; x_wconf 72' lang='grc' dir='ltr'>δρέψας</span> 
     </span>
     <span class='ocr_line' id='line_1_21' title="bbox 91 2331 655 2413; baseline 0.011 -24"><span class='ocrx_word' id='word_1_111' title='bbox 91 2331 193 2409; x_wconf 74' lang='grc' dir='ltr'>ἔκχυτον</span> <span class='ocrx_word' id='word_1_112' title='bbox 209 2333 337 2413; x_wconf 79' lang='grc' dir='ltr'>εὖχαίτης</span> <span class='ocrx_word' id='word_1_113' title='bbox 353 2335 441 2402; x_wconf 82' lang='grc' dir='ltr'>κισσὸς</span> <span class='ocrx_word' id='word_1_114' title='bbox 454 2334 545 2403; x_wconf 79' lang='grc' dir='ltr'>ἔπλεξε</span> <span class='ocrx_word' id='word_1_115' title='bbox 559 2337 655 2411; x_wconf 88' lang='grc' dir='ltr'>κόμην.</span> 
     </span>
     <span class='ocr_line' id='line_1_22' title="bbox 55 2418 788 2504; baseline 0.004 -25"><span class='ocrx_word' id='word_1_116' title='bbox 55 2418 155 2479; x_wconf 66' lang='lat' dir='ltr'><strong>&#39;latiis</strong></span> <span class='ocrx_word' id='word_1_117' title='bbox 173 2420 218 2479; x_wconf 89' lang='grc' dir='ltr'><strong>καὶ</strong></span> <span class='ocrx_word' id='word_1_118' title='bbox 234 2421 355 2498; x_wconf 80' lang='grc' dir='ltr'>ποταμός</span> <span class='ocrx_word' id='word_1_119' title='bbox 371 2423 466 2495; x_wconf 81' lang='grc' dir='ltr'>λασίην</span> <span class='ocrx_word' id='word_1_120' title='bbox 481 2423 675 2502; x_wconf 79' lang='grc' dir='ltr'>παραμείθεται</span> <span class='ocrx_word' id='word_1_121' title='bbox 689 2423 788 2504; x_wconf 82' lang='grc' dir='ltr'>ὄχθην,</span> 
     </span>
     <span class='ocr_line' id='line_1_23' title="bbox 16 2508 587 2591; baseline 0.009 -26"><span class='ocrx_word' id='word_1_122' title='bbox 16 2537 35 2574; x_wconf 72' lang='lat'><strong>10</strong></span> <span class='ocrx_word' id='word_1_123' title='bbox 89 2508 163 2576; x_wconf 80' lang='grc' dir='ltr'>πέζαν</span> <span class='ocrx_word' id='word_1_124' title='bbox 183 2509 304 2578; x_wconf 79' lang='grc' dir='ltr'>θποξύων</span> <span class='ocrx_word' id='word_1_125' title='bbox 321 2509 477 2591; x_wconf 76' lang='grc' dir='ltr'>αύτορύτοιο</span> <span class='ocrx_word' id='word_1_126' title='bbox 490 2511 587 2581; x_wconf 87' lang='grc' dir='ltr'>νάπης.</span> 
     </span>
     <span class='ocr_line' id='line_1_24' title="bbox 56 2587 828 2679; baseline 0 -23"><span class='ocrx_word' id='word_1_127' title='bbox 56 2587 127 2664; x_wconf 81' lang='grc' dir='ltr'>Οθτος</span> <span class='ocrx_word' id='word_1_128' title='bbox 139 2595 239 2675; x_wconf 83' lang='grc' dir='ltr'>Ἔρως·</span> <span class='ocrx_word' id='word_1_129' title='bbox 254 2599 280 2656; x_wconf 87' lang='grc' dir='ltr'>τί</span> <span class='ocrx_word' id='word_1_130' title='bbox 291 2597 342 2674; x_wconf 82' lang='grc' dir='ltr'>γάρ</span> <span class='ocrx_word' id='word_1_131' title='bbox 359 2597 425 2656; x_wconf 84' lang='grc' dir='ltr'>ἀλλο</span> <span class='ocrx_word' id='word_1_132' title='bbox 436 2598 482 2657; x_wconf 84' lang='grc' dir='ltr'><strong>καὶ</strong></span> <span class='ocrx_word' id='word_1_133' title='bbox 496 2598 608 2677; x_wconf 77' lang='grc' dir='ltr'>ἔπρεπεν</span> <span class='ocrx_word' id='word_1_134' title='bbox 624 2599 721 2676; x_wconf 90' lang='grc' dir='ltr'>ούνομα</span> <span class='ocrx_word' id='word_1_135' title='bbox 737 2599 828 2679; x_wconf 76' lang='grc' dir='ltr'>χώρῳ,</span> 
     </span>
     <span class='ocr_line' id='line_1_25' title="bbox 89 2686 666 2762; baseline 0.009 -19"><span class='ocrx_word' id='word_1_136' title='bbox 89 2686 207 2746; x_wconf 84' lang='grc' dir='ltr'>πάντοθεν</span> <span class='ocrx_word' id='word_1_137' title='bbox 222 2690 340 2761; x_wconf 80' lang='grc' dir='ltr'>ἱμερτῶν</span> <span class='ocrx_word' id='word_1_138' title='bbox 355 2687 512 2758; x_wconf 84' lang='grc' dir='ltr'>πληθοαένῳ</span> <span class='ocrx_word' id='word_1_139' title='bbox 527 2688 666 2762; x_wconf 73' lang='grc' dir='ltr'>Χαρίσιον,</span> 
     </span>
    </p>
   </div>
   <div class='ocr_carea' id='block_1_5' title="bbox 297 2848 579 2900">
    <p class='ocr_par' dir='ltr' id='par_1_5' title="bbox 297 2848 579 2900">
     <span class='ocr_line' id='line_1_26' title="bbox 297 2848 579 2900; baseline 0.007 -2"><span class='ocrx_word' id='word_1_140' title='bbox 297 2848 359 2898; x_wconf 82' lang='grc'><strong>670.</strong></span> <span class='ocrx_word' id='word_1_141' title='bbox 382 2851 579 2900; x_wconf 73' lang='grc' dir='ltr'><strong>ΑΔΕΣΠΟΤΟΝ.</strong></span> 
     </span>
    </p>
   </div>
   <div class='ocr_carea' id='block_1_6' title="bbox 58 2968 831 3669">
    <p class='ocr_par' dir='ltr' id='par_1_6' title="bbox 61 2968 831 3108">
     <span class='ocr_line' id='line_1_27' title="bbox 61 2968 831 3038; baseline 0.009 -20"><span class='ocrx_word' id='word_1_142' title='bbox 61 2968 94 3018; x_wconf 76' lang='grc' dir='ltr'>Ἔν</span> <span class='ocrx_word' id='word_1_143' title='bbox 108 2971 195 3036; x_wconf 76' lang='grc' dir='ltr'>Σμύρνη</span> <span class='ocrx_word' id='word_1_144' title='bbox 209 2973 244 3028; x_wconf 81' lang='grc' dir='ltr'>εἰς</span> <span class='ocrx_word' id='word_1_145' title='bbox 257 2972 336 3034; x_wconf 86' lang='grc' dir='ltr'>μῶλον</span> <span class='ocrx_word' id='word_1_146' title='bbox 344 2977 374 3034; x_wconf 78' lang='grc' dir='ltr'>τῇ</span> <span class='ocrx_word' id='word_1_147' title='bbox 385 2972 485 3034; x_wconf 78' lang='grc' dir='ltr'>θαλάσση</span> <span class='ocrx_word' id='word_1_148' title='bbox 495 2972 656 3036; x_wconf 78' lang='grc' dir='ltr'>δπικείμενον,</span> <span class='ocrx_word' id='word_1_149' title='bbox 667 2975 690 3023; x_wconf 84' lang='grc' dir='ltr'>ἐν</span> <span class='ocrx_word' id='word_1_150' title='bbox 700 2973 720 3038; x_wconf 82' lang='grc' dir='ltr'><strong>ᾧ</strong></span> <span class='ocrx_word' id='word_1_151' title='bbox 732 2975 781 3024; x_wconf 80' lang='grc' dir='ltr'>ἔστι</span> <span class='ocrx_word' id='word_1_152' title='bbox 791 2977 831 3025; x_wconf 78' lang='grc' dir='ltr'><strong>καὶ</strong></span> 
     </span>
     <span class='ocr_line' id='line_1_28' title="bbox 390 3043 490 3108; baseline -0.01 -14"><span class='ocrx_word' id='word_1_153' title='bbox 390 3043 490 3108; x_wconf 77' lang='grc' dir='ltr'>θδρτῐον.</span> 
     </span>
    </p>

    <p class='ocr_par' dir='ltr' id='par_1_7' title="bbox 58 3149 737 3321">
     <span class='ocr_line' id='line_1_29' title="bbox 58 3149 737 3234; baseline 0.003 -24"><span class='ocrx_word' id='word_1_154' title='bbox 58 3172 80 3206; x_wconf 76' lang='lat'><strong>²·</strong></span> <span class='ocrx_word' id='word_1_155' title='bbox 92 3149 136 3218; x_wconf 86' lang='grc' dir='ltr'><strong>Τίς</strong></span> <span class='ocrx_word' id='word_1_156' title='bbox 153 3151 228 3228; x_wconf 85' lang='grc' dir='ltr'>βυθὸν</span> <span class='ocrx_word' id='word_1_157' title='bbox 244 3153 392 3232; x_wconf 81' lang='grc' dir='ltr'>ἠπείρωσε;</span> <span class='ocrx_word' id='word_1_158' title='bbox 406 3153 445 3220; x_wconf 90' lang='grc' dir='ltr'>τίς</span> <span class='ocrx_word' id='word_1_159' title='bbox 460 3155 486 3210; x_wconf 84' lang='grc' dir='ltr'>ἐν</span> <span class='ocrx_word' id='word_1_160' title='bbox 499 3153 621 3234; x_wconf 74' lang='grc' dir='ltr'>ῥοθίοισιν</span> <span class='ocrx_word' id='word_1_161' title='bbox 637 3153 737 3222; x_wconf 77' lang='grc' dir='ltr'>ἔτευξεν</span> 
     </span>
     <span class='ocr_line' id='line_1_30' title="bbox 90 3240 610 3321; baseline 0.006 -24"><span class='ocrx_word' id='word_1_162' title='bbox 90 3240 166 3310; x_wconf 75' lang='grc' dir='ltr'>ἀκτὴν</span> <span class='ocrx_word' id='word_1_163' title='bbox 180 3241 332 3320; x_wconf 77' lang='grc' dir='ltr'>ἀμφιρύτην</span> <span class='ocrx_word' id='word_1_164' title='bbox 342 3241 419 3299; x_wconf 88' lang='grc' dir='ltr'>λάεσι</span> <span class='ocrx_word' id='word_1_165' title='bbox 432 3240 610 3321; x_wconf 86' lang='grc' dir='ltr'>μαρμαρέοις;</span> 
     </span>
    </p>

    <p class='ocr_par' dir='ltr' id='par_1_8' title="bbox 58 3323 785 3500">
     <span class='ocr_line' id='line_1_31' title="bbox 58 3323 785 3410; baseline 0.01 -27"><span class='ocrx_word' id='word_1_166' title='bbox 58 3323 89 3390; x_wconf 88' lang='grc' dir='ltr'>τίς</span> <span class='ocrx_word' id='word_1_167' title='bbox 101 3327 121 3383; x_wconf 87' lang='grc' dir='ltr'><strong>δ’</strong></span> <span class='ocrx_word' id='word_1_168' title='bbox 136 3327 171 3386; x_wconf 72' lang='lat' dir='ltr'><strong>ist</strong></span> <span class='ocrx_word' id='word_1_169' title='bbox 185 3327 290 3404; x_wconf 88' lang='grc' dir='ltr'>κύμασι</span> <span class='ocrx_word' id='word_1_170' title='bbox 303 3327 377 3397; x_wconf 76' lang='grc' dir='ltr'>τεῦξε</span> <span class='ocrx_word' id='word_1_171' title='bbox 396 3327 476 3386; x_wconf 77' lang='grc' dir='ltr'>ποτόν</span> <span class='ocrx_word' id='word_1_172' title='bbox 490 3331 631 3408; x_wconf 76' lang='grc' dir='ltr'>πλωτῆρας</span> <span class='ocrx_word' id='word_1_173' title='bbox 645 3330 785 3410; x_wconf 75' lang='grc' dir='ltr'>ἀράσσειν,</span> 
     </span>
     <span class='ocr_line' id='line_1_32' title="bbox 91 3418 600 3500; baseline 0.002 -25"><span class='ocrx_word' id='word_1_174' title='bbox 91 3420 169 3476; x_wconf 78' lang='grc' dir='ltr'>αὐτῶν</span> <span class='ocrx_word' id='word_1_175' title='bbox 182 3419 212 3476; x_wconf 78' lang='grc' dir='ltr'><strong>ἔκ</strong></span> <span class='ocrx_word' id='word_1_176' title='bbox 226 3421 299 3489; x_wconf 77' lang='grc' dir='ltr'>νηιῒνν</span> <span class='ocrx_word' id='word_1_177' title='bbox 316 3418 412 3498; x_wconf 78' lang='grc' dir='ltr'>χερσὶν</span> <span class='ocrx_word' id='word_1_178' title='bbox 425 3420 600 3500; x_wconf 76' lang='grc' dir='ltr'>ἀρυομένους;</span> 
     </span>
    </p>

    <p class='ocr_par' dir='ltr' id='par_1_9' title="bbox 60 3496 771 3669">
     <span class='ocr_line' id='line_1_33' title="bbox 60 3496 771 3586; baseline 0.003 -22"><span class='ocrx_word' id='word_1_179' title='bbox 60 3507 83 3578; x_wconf 73' lang='grc' dir='ltr'><strong>β.</strong></span> <span class='ocrx_word' id='word_1_180' title='bbox 97 3496 177 3572; x_wconf 69' lang='lat' dir='ltr'><strong>Obsce</strong></span> <span class='ocrx_word' id='word_1_181' title='bbox 193 3507 408 3582; x_wconf 84' lang='grc' dir='ltr'>θποικιλόμητις</span> <span class='ocrx_word' id='word_1_182' title='bbox 427 3507 494 3583; x_wconf 76' lang='grc' dir='ltr'>ἀνὴρ</span> <span class='ocrx_word' id='word_1_183' title='bbox 510 3506 629 3574; x_wconf 83' lang='grc' dir='ltr'>Βενέτιος</span> <span class='ocrx_word' id='word_1_184' title='bbox 643 3508 771 3586; x_wconf 86' lang='grc' dir='ltr'>ἀμύμων,</span> 
     </span>
     <span class='ocr_line' id='line_1_34' title="bbox 90 3593 652 3669; baseline 0.014 -20"><span class='ocrx_word' id='word_1_185' title='bbox 90 3593 213 3669; x_wconf 82' lang='grc' dir='ltr'>κτίσμασι</span> <span class='ocrx_word' id='word_1_186' title='bbox 229 3593 340 3664; x_wconf 78' lang='grc' dir='ltr'>νικήσας</span> <span class='ocrx_word' id='word_1_187' title='bbox 354 3595 449 3668; x_wconf 86' lang='grc' dir='ltr'>Θησέα</span> <span class='ocrx_word' id='word_1_188' title='bbox 464 3596 509 3654; x_wconf 81' lang='grc' dir='ltr'><strong>καλ</strong></span> <span class='ocrx_word' id='word_1_189' title='bbox 532 3599 652 3657; x_wconf 87' lang='grc' dir='ltr'>Πέλοπα.</span> 
     </span>
    </p>
   </div>
   <div class='ocr_carea' id='block_1_7' title="bbox 57 3789 697 4602">
    <p class='ocr_par' dir='ltr' id='par_1_10' title="bbox 57 3789 697 3938">
     <span class='ocr_line' id='line_1_35' title="bbox 57 3789 619 3854; baseline 0.007 -18"><span class='ocrx_word' id='word_1_190' title='bbox 57 3791 82 3836; x_wconf 79' lang='lat' dir='ltr'><strong>Et</strong></span> <span class='ocrx_word' id='word_1_191' title='bbox 93 3789 184 3838; x_wconf 79' lang='lat' dir='ltr'><strong>tumide</strong></span> <span class='ocrx_word' id='word_1_192' title='bbox 196 3799 268 3839; x_wconf 89' lang='lat' dir='ltr'><strong>terno</strong></span> <span class='ocrx_word' id='word_1_193' title='bbox 279 3799 403 3854; x_wconf 81' lang='lat' dir='ltr'><strong>surgentes</strong></span> <span class='ocrx_word' id='word_1_194' title='bbox 412 3789 498 3839; x_wconf 81' lang='lat' dir='ltr'>ordine</span> <span class='ocrx_word' id='word_1_195' title='bbox 510 3807 619 3840; x_wconf 82' lang='lat' dir='ltr'><strong>maurane</strong></span> 
     </span>
     <span class='ocr_line' id='line_1_36' title="bbox 84 3871 697 3938; baseline 0.008 -19"><span class='ocrx_word' id='word_1_196' title='bbox 84 3871 214 3937; x_wconf 77' lang='lat' dir='ltr'><strong>Erumpunt</strong></span> <span class='ocrx_word' id='word_1_197' title='bbox 228 3887 318 3938; x_wconf 87' lang='lat' dir='ltr'><strong>purum</strong></span> <span class='ocrx_word' id='word_1_198' title='bbox 332 3873 421 3922; x_wconf 85' lang='lat' dir='ltr'><strong>Naidos</strong></span> <span class='ocrx_word' id='word_1_199' title='bbox 435 3873 461 3922; x_wconf 94' lang='lat' dir='ltr'><strong>in</strong></span> <span class='ocrx_word' id='word_1_200' title='bbox 479 3873 594 3924; x_wconf 86' lang='lat' dir='ltr'><strong>laticem:</strong></span> <span class='ocrx_word' id='word_1_201' title='bbox 693 3913 697 3924; x_wconf 94' lang='lat'><em>.</em></span> 
     </span>
    </p>

    <p class='ocr_par' dir='ltr' id='par_1_11' title="bbox 57 3952 666 4103">
     <span class='ocr_line' id='line_1_37' title="bbox 57 3952 658 4020; baseline 0.008 -21"><span class='ocrx_word' id='word_1_202' title='bbox 57 3952 189 4017; x_wconf 59' lang='lat' dir='ltr'><strong>[Euporum</strong></span> <span class='ocrx_word' id='word_1_203' title='bbox 204 3969 249 4019; x_wconf 89' lang='lat' dir='ltr'><strong>per</strong></span> <span class='ocrx_word' id='word_1_204' title='bbox 260 3954 342 4020; x_wconf 83' lang='lat' dir='ltr'><strong>aprica</strong></span> <span class='ocrx_word' id='word_1_205' title='bbox 355 3971 428 4005; x_wconf 80' lang='lat' dir='ltr'>senex</span> <span class='ocrx_word' id='word_1_206' title='bbox 442 3954 483 4004; x_wconf 88' lang='lat' dir='ltr'><strong>ubi</strong></span> <span class='ocrx_word' id='word_1_207' title='bbox 498 3955 588 4005; x_wconf 86' lang='lat' dir='ltr'><strong>labitur</strong></span> <span class='ocrx_word' id='word_1_208' title='bbox 599 3956 658 4016; x_wconf 87' lang='lat' dir='ltr'><strong>Iris,</strong></span> 
     </span>
     <span class='ocr_line' id='line_1_38' title="bbox 85 4035 666 4103; baseline 0.012 -22"><span class='ocrx_word' id='word_1_209' title='bbox 85 4037 111 4082; x_wconf 79' lang='lat' dir='ltr'><strong>Et</strong></span> <span class='ocrx_word' id='word_1_210' title='bbox 121 4035 181 4099; x_wconf 88' lang='lat' dir='ltr'><strong>cingi</strong></span> <span class='ocrx_word' id='word_1_211' title='bbox 197 4037 322 4101; x_wconf 76' lang='lat' dir='ltr'><strong>Dryadum</strong></span> <span class='ocrx_word' id='word_1_212' title='bbox 335 4038 425 4101; x_wconf 85' lang='lat' dir='ltr'><strong>gaudet</strong></span> <span class='ocrx_word' id='word_1_213' title='bbox 438 4037 561 4103; x_wconf 77' lang='lat' dir='ltr'><strong>utrimque</strong></span> <span class='ocrx_word' id='word_1_214' title='bbox 572 4037 651 4088; x_wconf 88' lang='lat' dir='ltr'><strong>choris</strong></span> <span class='ocrx_word' id='word_1_215' title='bbox 658 4055 666 4101; x_wconf 88' lang='lat'>;</span> 
     </span>
    </p>

    <p class='ocr_par' dir='ltr' id='par_1_12' title="bbox 59 4115 636 4267">
     <span class='ocr_line' id='line_1_39' title="bbox 59 4115 636 4182; baseline 0.017 -22"><span class='ocrx_word' id='word_1_216' title='bbox 59 4119 128 4178; x_wconf 75' lang='lat' dir='ltr'><strong>Atque</strong></span> <span class='ocrx_word' id='word_1_217' title='bbox 139 4115 203 4166; x_wconf 86' lang='lat' dir='ltr'><strong>inter</strong></span> <span class='ocrx_word' id='word_1_218' title='bbox 214 4117 307 4166; x_wconf 78' lang='lat' dir='ltr'><strong>Bromii</strong></span> <span class='ocrx_word' id='word_1_219' title='bbox 321 4127 439 4182; x_wconf 85' lang='lat' dir='ltr'><strong>gestantes</strong></span> <span class='ocrx_word' id='word_1_220' title='bbox 453 4118 515 4168; x_wconf 79' lang='lat' dir='ltr'><strong>dorsa</strong></span> <span class='ocrx_word' id='word_1_221' title='bbox 529 4135 636 4170; x_wconf 75' lang='lat' dir='ltr'><strong>racemos</strong></span> 
     </span>
     <span class='ocr_line' id='line_1_40' title="bbox 84 4197 600 4267; baseline 0.017 -22"><span class='ocrx_word' id='word_1_222' title='bbox 84 4197 185 4248; x_wconf 83' lang='lat' dir='ltr'><strong>Plurima</strong></span> <span class='ocrx_word' id='word_1_223' title='bbox 199 4200 319 4267; x_wconf 87' lang='lat' dir='ltr'><strong>pallentes</strong></span> <span class='ocrx_word' id='word_1_224' title='bbox 332 4201 410 4252; x_wconf 90' lang='lat' dir='ltr'><strong>lundit</strong></span> <span class='ocrx_word' id='word_1_225' title='bbox 423 4201 486 4264; x_wconf 86' lang='lat' dir='ltr'><strong>olira</strong></span> <span class='ocrx_word' id='word_1_226' title='bbox 500 4219 580 4254; x_wconf 83' lang='lat' dir='ltr'><strong>comas</strong></span> <span class='ocrx_word' id='word_1_227' title='bbox 593 4219 600 4254; x_wconf 76' lang='grc' dir='ltr'>τ</span> 
     </span>
    </p>

    <p class='ocr_par' dir='ltr' id='par_1_13' title="bbox 58 4279 635 4430">
     <span class='ocr_line' id='line_1_41' title="bbox 58 4279 635 4351; baseline 0.019 -24"><span class='ocrx_word' id='word_1_228' title='bbox 58 4279 158 4332; x_wconf 77' lang='lat' dir='ltr'><strong>llexibos</strong></span> <span class='ocrx_word' id='word_1_229' title='bbox 168 4293 192 4333; x_wconf 85' lang='lat' dir='ltr'><strong>at</strong></span> <span class='ocrx_word' id='word_1_230' title='bbox 203 4285 297 4333; x_wconf 87' lang='lat' dir='ltr'><strong>circum</strong></span> <span class='ocrx_word' id='word_1_231' title='bbox 308 4285 380 4336; x_wconf 73' lang='lat' dir='ltr'><strong>variis</strong></span> <span class='ocrx_word' id='word_1_232' title='bbox 394 4287 532 4336; x_wconf 72' lang='lat' dir='ltr'><strong>modulatur</strong></span> <span class='ocrx_word' id='word_1_233' title='bbox 543 4288 635 4351; x_wconf 86' lang='lat' dir='ltr'><strong>aedon,</strong></span> 
     </span>
     <span class='ocr_line' id='line_1_42' title="bbox 86 4366 579 4430; baseline 0.016 -17"><span class='ocrx_word' id='word_1_234' title='bbox 86 4366 161 4430; x_wconf 73' lang='lat' dir='ltr'><strong>Atque</strong></span> <span class='ocrx_word' id='word_1_235' title='bbox 171 4367 222 4417; x_wconf 85' lang='lat' dir='ltr'><strong>alio</strong></span> <span class='ocrx_word' id='word_1_236' title='bbox 234 4377 319 4417; x_wconf 83' lang='lat' dir='ltr'><strong>contra</strong></span> <span class='ocrx_word' id='word_1_237' title='bbox 332 4385 401 4419; x_wconf 90' lang='lat' dir='ltr'><strong>more</strong></span> <span class='ocrx_word' id='word_1_238' title='bbox 412 4371 492 4420; x_wconf 87' lang='lat' dir='ltr'><strong>cicada</strong></span> <span class='ocrx_word' id='word_1_239' title='bbox 505 4371 579 4421; x_wconf 87' lang='lat' dir='ltr'><strong>canit.</strong></span> 
     </span>
    </p>

    <p class='ocr_par' dir='ltr' id='par_1_14' title="bbox 59 4447 653 4602">
     <span class='ocr_line' id='line_1_43' title="bbox 59 4447 653 4517; baseline 0.02 -26"><span class='ocrx_word' id='word_1_240' title='bbox 59 4447 107 4494; x_wconf 76' lang='lat' dir='ltr'><strong>liae</strong></span> <span class='ocrx_word' id='word_1_241' title='bbox 119 4447 162 4497; x_wconf 87' lang='lat' dir='ltr'><strong>tibi</strong></span> <span class='ocrx_word' id='word_1_242' title='bbox 176 4459 239 4500; x_wconf 86' lang='lat' dir='ltr'><strong>tecta</strong></span> <span class='ocrx_word' id='word_1_243' title='bbox 249 4458 335 4517; x_wconf 89' lang='lat' dir='ltr'><strong>patent</strong></span> <span class='ocrx_word' id='word_1_244' title='bbox 350 4467 357 4500; x_wconf 78' lang='lat' dir='ltr'><strong>t</strong></span> <span class='ocrx_word' id='word_1_245' title='bbox 373 4452 424 4501; x_wconf 92' lang='lat' dir='ltr'><strong>noli</strong></span> <span class='ocrx_word' id='word_1_246' title='bbox 436 4452 554 4516; x_wconf 86' lang='lat' dir='ltr'><strong>transire,</strong></span> <span class='ocrx_word' id='word_1_247' title='bbox 567 4453 653 4511; x_wconf 77' lang='lat' dir='ltr'><strong>uiator,</strong></span> 
     </span>
     <span class='ocr_line' id='line_1_44' title="bbox 87 4530 623 4602; baseline 0.019 -24"><span class='ocrx_word' id='word_1_248' title='bbox 87 4530 136 4580; x_wconf 67' lang='lat' dir='ltr'><strong>Nou</strong></span> <span class='ocrx_word' id='word_1_249' title='bbox 152 4534 251 4597; x_wconf 75' lang='lat' dir='ltr'><strong>quesita</strong></span> <span class='ocrx_word' id='word_1_250' title='bbox 266 4535 339 4583; x_wconf 86' lang='lat' dir='ltr'><strong>nimis</strong></span> <span class='ocrx_word' id='word_1_251' title='bbox 352 4535 451 4600; x_wconf 84' lang='lat' dir='ltr'><strong>prandia</strong></span> <span class='ocrx_word' id='word_1_252' title='bbox 462 4535 537 4602; x_wconf 86' lang='lat' dir='ltr'><strong>siquis</strong></span> <span class='ocrx_word' id='word_1_253' title='bbox 550 4553 623 4589; x_wconf 87' lang='lat' dir='ltr'><strong>amas.</strong></span> 
     </span>
    </p>
   </div>
   <div class='ocr_carea' id='block_1_8' title="bbox 340 4700 535 4885">
    <p class='ocr_par' dir='ltr' id='par_1_15' title="bbox 340 4700 535 4885">
     <span class='ocr_line' id='line_1_45' title="bbox 340 4700 535 4761; baseline 0.01 -15"><span class='ocrx_word' id='word_1_254' title='bbox 340 4700 397 4761; x_wconf 84' lang='grc'><strong>669.</strong></span> <span class='ocrx_word' id='word_1_255' title='bbox 417 4715 535 4749; x_wconf 70' lang='lat' dir='ltr'><strong>ernanum.</strong></span> 
     </span>
     <span class='ocr_line' id='line_1_46' title="bbox 368 4831 514 4885; baseline 0.014 -3"><span class='ocrx_word' id='word_1_256' title='bbox 368 4839 406 4882; x_wconf 84' lang='lat' dir='ltr'><strong>De</strong></span> <span class='ocrx_word' id='word_1_257' title='bbox 422 4831 514 4885; x_wconf 78' lang='lat' dir='ltr'><strong>eodem.</strong></span> 
     </span>
    </p>
   </div>
   <div class='ocr_carea' id='block_1_9' title="bbox 61 4967 700 5288">
    <p class='ocr_par' dir='ltr' id='par_1_16' title="bbox 61 4967 700 5105">
     <span class='ocr_line' id='line_1_47' title="bbox 61 4967 700 5036; baseline 0.016 -24"><span class='ocrx_word' id='word_1_258' title='bbox 61 4967 105 5014; x_wconf 82' lang='lat' dir='ltr'><strong>llac</strong></span> <span class='ocrx_word' id='word_1_259' title='bbox 118 4967 157 5032; x_wconf 88' lang='lat' dir='ltr'><strong>qui</strong></span> <span class='ocrx_word' id='word_1_260' title='bbox 169 4967 249 5034; x_wconf 83' lang='lat' dir='ltr'><strong>carpis</strong></span> <span class='ocrx_word' id='word_1_261' title='bbox 261 4969 421 5028; x_wconf 85' lang='lat' dir='ltr'><strong>iter,uenroris</strong></span> <span class='ocrx_word' id='word_1_262' title='bbox 433 4971 553 5036; x_wconf 77' lang='lat' dir='ltr'><strong>projectus</strong></span> <span class='ocrx_word' id='word_1_263' title='bbox 564 4971 588 5021; x_wconf 90' lang='lat' dir='ltr'><strong>in</strong></span> <span class='ocrx_word' id='word_1_264' title='bbox 601 4972 700 5030; x_wconf 87' lang='lat' dir='ltr'><strong>umbra,</strong></span> 
     </span>
     <span class='ocr_line' id='line_1_48' title="bbox 88 5048 591 5105; baseline 0.018 -9"><span class='ocrx_word' id='word_1_265' title='bbox 88 5048 195 5099; x_wconf 78' lang='lat' dir='ltr'><strong>blembas</strong></span> <span class='ocrx_word' id='word_1_266' title='bbox 207 5050 251 5100; x_wconf 74' lang='lat' dir='ltr'><strong>ria</strong></span> <span class='ocrx_word' id='word_1_267' title='bbox 264 5051 342 5101; x_wconf 90' lang='lat' dir='ltr'><strong>multo</strong></span> <span class='ocrx_word' id='word_1_268' title='bbox 355 5052 413 5101; x_wconf 81' lang='lat' dir='ltr'><strong>lesse</strong></span> <span class='ocrx_word' id='word_1_269' title='bbox 425 5052 508 5103; x_wconf 84' lang='lat' dir='ltr'><strong>labore</strong></span> <span class='ocrx_word' id='word_1_270' title='bbox 520 5053 571 5104; x_wconf 81' lang='lat' dir='ltr'><strong>leva</strong></span> <span class='ocrx_word' id='word_1_271' title='bbox 585 5071 591 5105; x_wconf 93' lang='lat'>:</span> 
     </span>
    </p>

    <p class='ocr_par' dir='ltr' id='par_1_17' title="bbox 64 5131 655 5288">
     <span class='ocr_line' id='line_1_49' title="bbox 64 5131 655 5199; baseline 0.014 -19"><span class='ocrx_word' id='word_1_272' title='bbox 64 5133 120 5180; x_wconf 85' lang='lat' dir='ltr'><strong>luter</strong></span> <span class='ocrx_word' id='word_1_273' title='bbox 132 5131 173 5182; x_wconf 89' lang='lat' dir='ltr'><strong>ubi</strong></span> <span class='ocrx_word' id='word_1_274' title='bbox 188 5133 296 5199; x_wconf 82' lang='lat' dir='ltr'><strong>platanos</strong></span> <span class='ocrx_word' id='word_1_275' title='bbox 308 5134 392 5185; x_wconf 88' lang='lat' dir='ltr'><strong>molles</strong></span> <span class='ocrx_word' id='word_1_276' title='bbox 403 5149 428 5185; x_wconf 84' lang='lat' dir='ltr'><strong>se</strong></span> <span class='ocrx_word' id='word_1_277' title='bbox 442 5135 520 5186; x_wconf 85' lang='lat' dir='ltr'><strong>lundit</strong></span> <span class='ocrx_word' id='word_1_278' title='bbox 532 5137 655 5188; x_wconf 85' lang='lat' dir='ltr'><strong>inberbes</strong></span> 
     </span>
     <span class='ocr_line' id='line_1_50' title="bbox 91 5215 588 5288; baseline 0.024 -28"><span class='ocrx_word' id='word_1_279' title='bbox 91 5215 219 5280; x_wconf 73' lang='lat' dir='ltr'><strong>Frigiduse</strong></span> <span class='ocrx_word' id='word_1_280' title='bbox 233 5219 309 5268; x_wconf 91' lang='lat' dir='ltr'><strong>multo</strong></span> <span class='ocrx_word' id='word_1_281' title='bbox 321 5219 362 5284; x_wconf 91' lang='lat' dir='ltr'><strong>qui</strong></span> <span class='ocrx_word' id='word_1_282' title='bbox 376 5219 430 5270; x_wconf 86' lang='lat' dir='ltr'><strong>salit</strong></span> <span class='ocrx_word' id='word_1_283' title='bbox 443 5237 485 5270; x_wconf 90' lang='lat' dir='ltr'><strong>ore</strong></span> <span class='ocrx_word' id='word_1_284' title='bbox 499 5221 588 5288; x_wconf 88' lang='lat' dir='ltr'><strong>liquor.</strong></span> 
     </span>
    </p>
   </div>
   <div class='ocr_carea' id='block_1_10' title="bbox 1595 411 1652 470">
    <p class='ocr_par' dir='ltr' id='par_1_18' title="bbox 1595 411 1652 470">
     <span class='ocr_line' id='line_1_51' title="bbox 1595 411 1652 470; baseline 0.035 -2"><span class='ocrx_word' id='word_1_285' title='bbox 1595 411 1652 470; x_wconf 83' lang='lat' dir='ltr'><strong>l3&#39;l</strong></span> 
     </span>
    </p>
   </div>
   <div class='ocr_carea' id='block_1_11' title="bbox 846 547 1656 1406">
    <p class='ocr_par' dir='ltr' id='par_1_19' title="bbox 846 547 1550 704">
     <span class='ocr_line' id='line_1_52' title="bbox 870 547 1550 614; baseline 0.001 -17"><span class='ocrx_word' id='word_1_286' title='bbox 870 551 897 597; x_wconf 84' lang='lat' dir='ltr'><strong>et</strong></span> <span class='ocrx_word' id='word_1_287' title='bbox 911 547 991 600; x_wconf 88' lang='lat' dir='ltr'><strong>dulcis</strong></span> <span class='ocrx_word' id='word_1_288' title='bbox 1005 547 1192 614; x_wconf 84' lang='lat' dir='ltr'><strong>triplici-ordine</strong></span> <span class='ocrx_word' id='word_1_289' title='bbox 1201 547 1320 613; x_wconf 78' lang='lat' dir='ltr'><strong>gradatim</strong></span> <span class='ocrx_word' id='word_1_290' title='bbox 1334 547 1380 597; x_wconf 84' lang='lat' dir='ltr'><strong>alla</strong></span> <span class='ocrx_word' id='word_1_291' title='bbox 1389 561 1463 610; x_wconf 82' lang='lat' dir='ltr'><strong>supcr</strong></span> <span class='ocrx_word' id='word_1_292' title='bbox 1477 547 1550 598; x_wconf 86' lang='lat' dir='ltr'><strong>aliam</strong></span> 
     </span>
     <span class='ocr_line' id='line_1_53' title="bbox 846 636 1376 704; baseline -0.002 -17"><span class='ocrx_word' id='word_1_293' title='bbox 846 691 849 703; x_wconf 38' lang='lat'>¹</span> <span class='ocrx_word' id='word_1_294' title='bbox 902 637 1010 688; x_wconf 78' lang='lat' dir='ltr'><strong>monilia</strong></span> <span class='ocrx_word' id='word_1_295' title='bbox 1023 637 1139 704; x_wconf 80' lang='lat' dir='ltr'><strong>exprimit</strong></span> <span class='ocrx_word' id='word_1_296' title='bbox 1154 637 1246 688; x_wconf 86' lang='lat' dir='ltr'><strong>tluenta</strong></span> <span class='ocrx_word' id='word_1_297' title='bbox 1261 636 1376 696; x_wconf 78' lang='lat' dir='ltr'><strong>Naiadis3</strong></span> 
     </span>
    </p>

    <p class='ocr_par' dir='ltr' id='par_1_20' title="bbox 873 723 1600 878">
     <span class='ocr_line' id='line_1_54' title="bbox 873 723 1531 788; baseline -0.002 -14"><span class='ocrx_word' id='word_1_298' title='bbox 873 725 913 774; x_wconf 90' lang='lat' dir='ltr'><strong>ubi</strong></span> <span class='ocrx_word' id='word_1_299' title='bbox 932 725 1195 777; x_wconf 75' lang='lat' dir='ltr'><strong>arboribus-consitum</strong></span> <span class='ocrx_word' id='word_1_300' title='bbox 1216 739 1290 775; x_wconf 81' lang='lat' dir='ltr'>senex</span> <span class='ocrx_word' id='word_1_301' title='bbox 1304 727 1471 788; x_wconf 78' lang='lat' dir='ltr'><strong>prater-uslai</strong></span> <span class='ocrx_word' id='word_1_302' title='bbox 1484 723 1531 774; x_wconf 88' lang='lat' dir='ltr'><strong>lris</strong></span> 
     </span>
     <span class='ocr_line' id='line_1_55' title="bbox 903 813 1600 878; baseline 0.003 -14"><span class='ocrx_word' id='word_1_303' title='bbox 903 814 998 874; x_wconf 74' lang='lat' dir='ltr'><strong>lotum,</strong></span> <span class='ocrx_word' id='word_1_304' title='bbox 1009 815 1209 878; x_wconf 78' lang='lat' dir='ltr'><strong>Hamadryadum</strong></span> <span class='ocrx_word' id='word_1_305' title='bbox 1222 814 1305 865; x_wconf 86' lang='lat' dir='ltr'><strong>sedem</strong></span> <span class='ocrx_word' id='word_1_306' title='bbox 1319 813 1600 866; x_wconf 73' lang='lat' dir='ltr'><strong>mollitercomatarumz</strong></span> 
     </span>
    </p>

    <p class='ocr_par' dir='ltr' id='par_1_21' title="bbox 872 899 1656 1054">
     <span class='ocr_line' id='line_1_56' title="bbox 872 899 1656 966; baseline 0.001 -17"><span class='ocrx_word' id='word_1_307' title='bbox 872 903 899 950; x_wconf 85' lang='lat' dir='ltr'><strong>et</strong></span> <span class='ocrx_word' id='word_1_308' title='bbox 913 901 1010 966; x_wconf 87' lang='lat' dir='ltr'><strong>pinguis</strong></span> <span class='ocrx_word' id='word_1_309' title='bbox 1032 901 1282 952; x_wconf 77' lang='lat' dir='ltr'><strong>bonas-uvaehabeos</strong></span> <span class='ocrx_word' id='word_1_310' title='bbox 1297 914 1341 965; x_wconf 84' lang='lat' dir='ltr'><strong>per</strong></span> <span class='ocrx_word' id='word_1_311' title='bbox 1355 901 1465 952; x_wconf 83' lang='lat' dir='ltr'><strong>rinenrm</strong></span> <span class='ocrx_word' id='word_1_312' title='bbox 1484 899 1578 952; x_wconf 84' lang='lat' dir='ltr'><strong>tructus</strong></span> <span class='ocrx_word' id='word_1_313' title='bbox 1597 900 1656 951; x_wconf 83' lang='lat' dir='ltr'><strong>olea</strong></span> 
     </span>
     <span class='ocr_line' id='line_1_57' title="bbox 902 987 1654 1054; baseline 0 -15"><span class='ocrx_word' id='word_1_314' title='bbox 902 988 966 1040; x_wconf 82' lang='lat' dir='ltr'><strong>viret</strong></span> <span class='ocrx_word' id='word_1_315' title='bbox 979 988 1088 1053; x_wconf 91' lang='lat' dir='ltr'><strong>undique</strong></span> <span class='ocrx_word' id='word_1_316' title='bbox 1103 989 1370 1040; x_wconf 84' lang='lat' dir='ltr'><strong>valde-racemosarum</strong></span> <span class='ocrx_word' id='word_1_317' title='bbox 1378 987 1654 1054; x_wconf 76' lang='lat' dir='ltr'><strong>m-apdcorinesrum:</strong></span> 
     </span>
    </p>

    <p class='ocr_par' dir='ltr' id='par_1_22' title="bbox 872 1074 1656 1216">
     <span class='ocr_line' id='line_1_58' title="bbox 872 1074 1656 1140; baseline -0.003 -16"><span class='ocrx_word' id='word_1_318' title='bbox 872 1074 967 1127; x_wconf 84' lang='lat' dir='ltr'><strong>circum</strong></span> <span class='ocrx_word' id='word_1_319' title='bbox 976 1079 1059 1127; x_wconf 88' lang='lat' dir='ltr'><strong>autem</strong></span> <span class='ocrx_word' id='word_1_320' title='bbox 1070 1079 1162 1127; x_wconf 80' lang='lat' dir='ltr'><strong>cenant</strong></span> <span class='ocrx_word' id='word_1_321' title='bbox 1170 1076 1296 1136; x_wconf 80' lang='lat' dir='ltr'><strong>lusciniae3</strong></span> <span class='ocrx_word' id='word_1_322' title='bbox 1308 1076 1338 1126; x_wconf 85' lang='lat' dir='ltr'><strong>ab</strong></span> <span class='ocrx_word' id='word_1_323' title='bbox 1348 1076 1508 1140; x_wconf 84' lang='lat' dir='ltr'><strong>altera-parte</strong></span> <span class='ocrx_word' id='word_1_324' title='bbox 1517 1074 1656 1126; x_wconf 82' lang='lat' dir='ltr'><strong>modulatur</strong></span> 
     </span>
     <span class='ocr_line' id='line_1_59' title="bbox 904 1163 1376 1216; baseline 0 -2"><span class='ocrx_word' id='word_1_325' title='bbox 904 1177 1017 1215; x_wconf 87' lang='lat' dir='ltr'><strong>resonam</strong></span> <span class='ocrx_word' id='word_1_326' title='bbox 1035 1164 1119 1215; x_wconf 85' lang='lat' dir='ltr'><strong>cicada</strong></span> <span class='ocrx_word' id='word_1_327' title='bbox 1129 1164 1198 1215; x_wconf 83' lang='lat' dir='ltr'><strong>vocis</strong></span> <span class='ocrx_word' id='word_1_328' title='bbox 1214 1163 1376 1216; x_wconf 86' lang='lat' dir='ltr'><strong>harmoniam.</strong></span> 
     </span>
    </p>

    <p class='ocr_par' dir='ltr' id='par_1_23' title="bbox 874 1253 1547 1406">
     <span class='ocr_line' id='line_1_60' title="bbox 874 1253 1518 1316; baseline 0.002 -15"><span class='ocrx_word' id='word_1_329' title='bbox 874 1256 905 1302; x_wconf 72' lang='lat' dir='ltr'><strong>at</strong></span> <span class='ocrx_word' id='word_1_330' title='bbox 919 1253 1105 1304; x_wconf 81' lang='lat' dir='ltr'><strong>non-ooclusana</strong></span> <span class='ocrx_word' id='word_1_331' title='bbox 1116 1253 1179 1315; x_wconf 87' lang='lat' dir='ltr'><strong>noli,</strong></span> <span class='ocrx_word' id='word_1_332' title='bbox 1196 1267 1212 1303; x_wconf 95' lang='lat' dir='ltr'><strong>o</strong></span> <span class='ocrx_word' id='word_1_333' title='bbox 1224 1253 1329 1314; x_wconf 81' lang='lat' dir='ltr'><strong>advena,</strong></span> <span class='ocrx_word' id='word_1_334' title='bbox 1341 1266 1382 1303; x_wconf 90' lang='lat' dir='ltr'><strong>me</strong></span> <span class='ocrx_word' id='word_1_335' title='bbox 1392 1253 1518 1316; x_wconf 79' lang='lat' dir='ltr'><strong>praeterire</strong></span> 
     </span>
     <span class='ocr_line' id='line_1_61' title="bbox 905 1341 1547 1406; baseline 0 -16"><span class='ocrx_word' id='word_1_336' title='bbox 905 1342 969 1392; x_wconf 76' lang='lat' dir='ltr'><strong>lianc</strong></span> <span class='ocrx_word' id='word_1_337' title='bbox 979 1342 1093 1405; x_wconf 87' lang='lat' dir='ltr'><strong>domum,</strong></span> <span class='ocrx_word' id='word_1_338' title='bbox 1111 1342 1156 1392; x_wconf 86' lang='lat' dir='ltr'><strong>sed</strong></span> <span class='ocrx_word' id='word_1_339' title='bbox 1169 1341 1267 1392; x_wconf 81' lang='lat' dir='ltr'><strong>modica</strong></span> <span class='ocrx_word' id='word_1_340' title='bbox 1281 1342 1364 1392; x_wconf 79' lang='lat' dir='ltr'><strong>fruere</strong></span> <span class='ocrx_word' id='word_1_341' title='bbox 1376 1342 1547 1406; x_wconf 82' lang='lat' dir='ltr'><strong>hospitalitate.</strong></span> 
     </span>
    </p>
   </div>
   <div class='ocr_carea' id='block_1_12' title="bbox 1153 1496 1381 1544">
    <p class='ocr_par' dir='ltr' id='par_1_24' title="bbox 1153 1496 1381 1544">
     <span class='ocr_line' id='line_1_62' title="bbox 1153 1496 1381 1544; baseline -0.004 0"><span class='ocrx_word' id='word_1_342' title='bbox 1153 1496 1208 1544; x_wconf 77' lang='lat'><strong>669.</strong></span> <span class='ocrx_word' id='word_1_343' title='bbox 1230 1501 1381 1544; x_wconf 68' lang='lat' dir='ltr'><strong>eluserit.</strong></span> 
     </span>
    </p>
   </div>
   <div class='ocr_carea' id='block_1_13' title="bbox 1210 1603 1320 1649">
    <p class='ocr_par' dir='ltr' id='par_1_25' title="bbox 1210 1603 1320 1649">
     <span class='ocr_line' id='line_1_63' title="bbox 1210 1603 1320 1649; baseline -0.027 -1"><span class='ocrx_word' id='word_1_344' title='bbox 1210 1607 1236 1648; x_wconf 90' lang='lat' dir='ltr'><strong>ln</strong></span> <span class='ocrx_word' id='word_1_345' title='bbox 1250 1603 1320 1649; x_wconf 86' lang='lat' dir='ltr'><strong>idern.</strong></span> 
     </span>
    </p>
   </div>
   <div class='ocr_carea' id='block_1_14' title="bbox 873 1728 1660 2769">
    <p class='ocr_par' dir='ltr' id='par_1_26' title="bbox 873 1728 1660 2769">
     <span class='ocr_line' id='line_1_64' title="bbox 876 1728 1659 1792; baseline 0.001 -13"><span class='ocrx_word' id='word_1_346' title='bbox 876 1733 929 1780; x_wconf 87' lang='lat' dir='ltr'><strong>tluc</strong></span> <span class='ocrx_word' id='word_1_347' title='bbox 941 1731 1010 1792; x_wconf 83' lang='lat' dir='ltr'><strong>reni,</strong></span> <span class='ocrx_word' id='word_1_348' title='bbox 1027 1730 1161 1791; x_wconf 80' lang='lat' dir='ltr'><strong>modicum,</strong></span> <span class='ocrx_word' id='word_1_349' title='bbox 1171 1743 1187 1780; x_wconf 91' lang='lat' dir='ltr'><strong>o</strong></span> <span class='ocrx_word' id='word_1_350' title='bbox 1197 1729 1285 1791; x_wconf 81' lang='lat' dir='ltr'><strong>viator,</strong></span> <span class='ocrx_word' id='word_1_351' title='bbox 1295 1728 1444 1779; x_wconf 86' lang='lat' dir='ltr'><strong>decumbens</strong></span> <span class='ocrx_word' id='word_1_352' title='bbox 1455 1730 1500 1782; x_wconf 87' lang='lat' dir='ltr'><strong>sub</strong></span> <span class='ocrx_word' id='word_1_353' title='bbox 1514 1730 1659 1780; x_wconf 90' lang='lat' dir='ltr'><strong>umbrosum</strong></span> 
     </span>
     <span class='ocr_line' id='line_1_65' title="bbox 904 1815 1658 1881; baseline -0.001 -13"><span class='ocrx_word' id='word_1_354' title='bbox 904 1817 978 1868; x_wconf 83' lang='lat' dir='ltr'><strong>relico</strong></span> <span class='ocrx_word' id='word_1_355' title='bbox 991 1815 1504 1881; x_wconf 80' lang='lat' dir='ltr'><strong>slaboremembracx·multa·ragalioue,</strong></span> <span class='ocrx_word' id='word_1_356' title='bbox 1554 1815 1658 1880; x_wconf 78' lang='lat' dir='ltr'><strong>[nemim.</strong></span> 
     </span>
     <span class='ocr_line' id='line_1_66' title="bbox 873 1905 1551 1972; baseline -0.003 -16"><span class='ocrx_word' id='word_1_357' title='bbox 873 1907 960 1957; x_wconf 86' lang='lat' dir='ltr'><strong>viridis</strong></span> <span class='ocrx_word' id='word_1_358' title='bbox 971 1908 1016 1958; x_wconf 91' lang='lat' dir='ltr'><strong>ubi</strong></span> <span class='ocrx_word' id='word_1_359' title='bbox 1031 1907 1143 1972; x_wconf 78' lang='lat' dir='ltr'><strong>platanos</strong></span> <span class='ocrx_word' id='word_1_360' title='bbox 1156 1907 1335 1971; x_wconf 82' lang='lat' dir='ltr'><strong>sponte-llueus</strong></span> <span class='ocrx_word' id='word_1_361' title='bbox 1344 1905 1369 1955; x_wconf 91' lang='lat' dir='ltr'><strong>iu</strong></span> <span class='ocrx_word' id='word_1_362' title='bbox 1382 1905 1475 1961; x_wconf 84' lang='lat' dir='ltr'><strong>moiias</strong></span> <span class='ocrx_word' id='word_1_363' title='bbox 1487 1919 1551 1968; x_wconf 84' lang='lat' dir='ltr'><strong>aqua</strong></span> 
     </span>
     <span class='ocr_line' id='line_1_67' title="bbox 905 1991 1644 2069; baseline -0.004 -25"><span class='ocrx_word' id='word_1_364' title='bbox 905 1993 1006 2059; x_wconf 89' lang='lat' dir='ltr'><strong>pulchre</strong></span> <span class='ocrx_word' id='word_1_365' title='bbox 1021 1992 1378 2069; x_wconf 66' lang='lat' dir='ltr'><strong>multobbabeutibustubulos</strong></span> <span class='ocrx_word' id='word_1_366' title='bbox 1405 1992 1545 2053; x_wconf 78' lang='lat' dir='ltr'><strong>profluit-ox</strong></span> <span class='ocrx_word' id='word_1_367' title='bbox 1556 1991 1644 2051; x_wconf 64' lang='lat' dir='ltr'><strong>ostiisr</strong></span> 
     </span>
     <span class='ocr_line' id='line_1_68' title="bbox 875 2081 1373 2148; baseline -0.004 -16"><span class='ocrx_word' id='word_1_368' title='bbox 875 2083 917 2132; x_wconf 93' lang='lat' dir='ltr'><strong>ubi</strong></span> <span class='ocrx_word' id='word_1_369' title='bbox 933 2095 1056 2147; x_wconf 87' lang='lat' dir='ltr'><strong>purpurea</strong></span> <span class='ocrx_word' id='word_1_370' title='bbox 1066 2095 1145 2148; x_wconf 81' lang='lat' dir='ltr'><strong>super,</strong></span> <span class='ocrx_word' id='word_1_371' title='bbox 1152 2082 1224 2146; x_wconf 85' lang='lat' dir='ltr'><strong>gleba</strong></span> <span class='ocrx_word' id='word_1_372' title='bbox 1233 2095 1291 2132; x_wconf 86' lang='lat' dir='ltr'><strong>rere</strong></span> <span class='ocrx_word' id='word_1_373' title='bbox 1308 2081 1373 2131; x_wconf 73' lang='lat' dir='ltr'><strong>viret</strong></span> 
     </span>
     <span class='ocr_line' id='line_1_69' title="bbox 905 2159 1318 2232; baseline -0.01 -10"><span class='ocrx_word' id='word_1_374' title='bbox 905 2173 971 2222; x_wconf 83' lang='lat' dir='ltr'><strong>tenu</strong></span> <span class='ocrx_word' id='word_1_375' title='bbox 988 2171 1052 2222; x_wconf 84' lang='lat' dir='ltr'><strong>viola</strong></span> <span class='ocrx_word' id='word_1_376' title='bbox 1064 2159 1135 2221; x_wconf 81' lang='lat' dir='ltr'><strong>roseo</strong></span> <span class='ocrx_word' id='word_1_377' title='bbox 1148 2159 1223 2220; x_wconf 79' lang='lat' dir='ltr'><strong>mixta</strong></span> <span class='ocrx_word' id='word_1_378' title='bbox 1233 2170 1318 2232; x_wconf 82' lang='lat' dir='ltr'><strong>calyci.</strong></span> 
     </span>
     <span class='ocr_line' id='line_1_70' title="bbox 874 2257 1430 2325; baseline -0.009 -15"><span class='ocrx_word' id='word_1_379' title='bbox 874 2260 980 2325; x_wconf 77' lang='lat' dir='ltr'><strong>Adspice</strong></span> <span class='ocrx_word' id='word_1_380' title='bbox 992 2264 1021 2311; x_wconf 89' lang='lat' dir='ltr'><strong>ut</strong></span> <span class='ocrx_word' id='word_1_381' title='bbox 1030 2258 1121 2311; x_wconf 83' lang='lat' dir='ltr'><strong>roscidi</strong></span> <span class='ocrx_word' id='word_1_382' title='bbox 1134 2261 1213 2310; x_wconf 87' lang='lat' dir='ltr'><strong>solum</strong></span> <span class='ocrx_word' id='word_1_383' title='bbox 1225 2257 1288 2322; x_wconf 88' lang='lat' dir='ltr'><strong>prati</strong></span> <span class='ocrx_word' id='word_1_384' title='bbox 1299 2261 1430 2322; x_wconf 84' lang='lat' dir='ltr'><strong>contegens</strong></span> 
     </span>
     <span class='ocr_line' id='line_1_71' title="bbox 906 2346 1581 2416; baseline -0.007 -15"><span class='ocrx_word' id='word_1_385' title='bbox 906 2351 1031 2416; x_wconf 76' lang='lat' dir='ltr'><strong>profusam</strong></span> <span class='ocrx_word' id='word_1_386' title='bbox 1043 2349 1204 2402; x_wconf 86' lang='lat' dir='ltr'><strong>bene-crinita</strong></span> <span class='ocrx_word' id='word_1_387' title='bbox 1218 2348 1310 2399; x_wconf 81' lang='lat' dir='ltr'><strong>beders</strong></span> <span class='ocrx_word' id='word_1_388' title='bbox 1320 2346 1468 2412; x_wconf 81' lang='lat' dir='ltr'><strong>implicuerit</strong></span> <span class='ocrx_word' id='word_1_389' title='bbox 1478 2359 1581 2396; x_wconf 87' lang='lat' dir='ltr'><strong>comam.</strong></span> 
     </span>
     <span class='ocr_line' id='line_1_72' title="bbox 876 2434 1505 2502; baseline -0.011 -12"><span class='ocrx_word' id='word_1_390' title='bbox 876 2445 921 2490; x_wconf 87' lang='lat' dir='ltr'><strong>tttc</strong></span> <span class='ocrx_word' id='word_1_391' title='bbox 930 2443 956 2491; x_wconf 87' lang='lat' dir='ltr'><strong>et</strong></span> <span class='ocrx_word' id='word_1_392' title='bbox 967 2439 1058 2490; x_wconf 85' lang='lat' dir='ltr'><strong>llurius</strong></span> <span class='ocrx_word' id='word_1_393' title='bbox 1070 2441 1192 2489; x_wconf 87' lang='lat' dir='ltr'><strong>comatam</strong></span> <span class='ocrx_word' id='word_1_394' title='bbox 1204 2436 1403 2502; x_wconf 80' lang='lat' dir='ltr'><strong>praetergreditur</strong></span> <span class='ocrx_word' id='word_1_395' title='bbox 1414 2434 1505 2499; x_wconf 83' lang='lat' dir='ltr'><strong>ripam,</strong></span> 
     </span>
     <span class='ocr_line' id='line_1_73' title="bbox 907 2523 1450 2590; baseline -0.006 -13"><span class='ocrx_word' id='word_1_396' title='bbox 907 2527 1017 2578; x_wconf 83' lang='lat' dir='ltr'><strong>radicem</strong></span> <span class='ocrx_word' id='word_1_397' title='bbox 1030 2527 1166 2578; x_wconf 72' lang='lat' dir='ltr'><strong>subradens</strong></span> <span class='ocrx_word' id='word_1_398' title='bbox 1175 2525 1373 2590; x_wconf 86' lang='lat' dir='ltr'><strong>per-se-plealati</strong></span> <span class='ocrx_word' id='word_1_399' title='bbox 1384 2523 1450 2574; x_wconf 73' lang='lat' dir='ltr'><strong>cliii.</strong></span> 
     </span>
     <span class='ocr_line' id='line_1_74' title="bbox 876 2611 1660 2680; baseline -0.008 -14"><span class='ocrx_word' id='word_1_400' title='bbox 876 2619 921 2667; x_wconf 87' lang='lat' dir='ltr'><strong>llic</strong></span> <span class='ocrx_word' id='word_1_401' title='bbox 938 2619 974 2668; x_wconf 85' lang='lat' dir='ltr'><strong>est</strong></span> <span class='ocrx_word' id='word_1_402' title='bbox 989 2622 1063 2668; x_wconf 80' lang='lat' dir='ltr'><strong>Amor</strong></span> <span class='ocrx_word' id='word_1_403' title='bbox 1077 2633 1084 2665; x_wconf 81' lang='grc' dir='ltr'>ι</span> <span class='ocrx_word' id='word_1_404' title='bbox 1101 2618 1161 2680; x_wconf 88' lang='lat' dir='ltr'><strong>quid</strong></span> <span class='ocrx_word' id='word_1_405' title='bbox 1184 2615 1251 2667; x_wconf 88' lang='lat' dir='ltr'><strong>enim</strong></span> <span class='ocrx_word' id='word_1_406' title='bbox 1265 2613 1332 2665; x_wconf 91' lang='lat' dir='ltr'><strong>aliud</strong></span> <span class='ocrx_word' id='word_1_407' title='bbox 1342 2616 1369 2663; x_wconf 88' lang='lat' dir='ltr'><strong>et</strong></span> <span class='ocrx_word' id='word_1_408' title='bbox 1381 2613 1480 2663; x_wconf 86' lang='lat' dir='ltr'><strong>deceret</strong></span> <span class='ocrx_word' id='word_1_409' title='bbox 1494 2624 1582 2662; x_wconf 89' lang='lat' dir='ltr'><strong>nomen</strong></span> <span class='ocrx_word' id='word_1_410' title='bbox 1595 2611 1660 2660; x_wconf 88' lang='lat' dir='ltr'><strong>bunc</strong></span> 
     </span>
     <span class='ocr_line' id='line_1_75' title="bbox 908 2700 1659 2769; baseline -0.005 -15"><span class='ocrx_word' id='word_1_411' title='bbox 908 2705 1016 2769; x_wconf 86' lang='lat' dir='ltr'><strong>undique</strong></span> <span class='ocrx_word' id='word_1_412' title='bbox 1029 2703 1178 2755; x_wconf 81' lang='lat' dir='ltr'><strong>amabilibus</strong></span> <span class='ocrx_word' id='word_1_413' title='bbox 1190 2702 1307 2754; x_wconf 75' lang='lat' dir='ltr'><strong>relectum</strong></span> <span class='ocrx_word' id='word_1_414' title='bbox 1316 2701 1425 2754; x_wconf 84' lang='lat' dir='ltr'><strong>Gratiis?</strong></span> <span class='ocrx_word' id='word_1_415' title='bbox 1551 2700 1659 2765; x_wconf 83' lang='lat' dir='ltr'><strong>[locum.</strong></span> 
     </span>
    </p>
   </div>
   <div class='ocr_carea' id='block_1_15' title="bbox 1147 2849 1386 2896">
    <p class='ocr_par' dir='ltr' id='par_1_27' title="bbox 1147 2849 1386 2896">
     <span class='ocr_line' id='line_1_76' title="bbox 1147 2849 1386 2896; baseline 0 -2"><span class='ocrx_word' id='word_1_416' title='bbox 1147 2849 1201 2894; x_wconf 75' lang='lat' dir='ltr'><strong>o70.</strong></span> <span class='ocrx_word' id='word_1_417' title='bbox 1224 2853 1386 2896; x_wconf 70' lang='lat' dir='ltr'><strong>amorrui.</strong></span> 
     </span>
    </p>
   </div>
   <div class='ocr_carea' id='block_1_16' title="bbox 878 2972 1660 3033">
    <p class='ocr_par' dir='ltr' id='par_1_28' title="bbox 878 2972 1660 3033">
     <span class='ocr_line' id='line_1_77' title="bbox 878 2972 1660 3033; baseline -0.004 -13"><span class='ocrx_word' id='word_1_418' title='bbox 878 2981 905 3021; x_wconf 87' lang='lat' dir='ltr'><strong>tn</strong></span> <span class='ocrx_word' id='word_1_419' title='bbox 918 2987 1022 3033; x_wconf 75' lang='lat' dir='ltr'><strong>aggerem</strong></span> <span class='ocrx_word' id='word_1_420' title='bbox 1033 2979 1136 3030; x_wconf 67' lang='lat' dir='ltr'><strong>smyrna·</strong></span> <span class='ocrx_word' id='word_1_421' title='bbox 1145 2975 1202 3020; x_wconf 85' lang='lat' dir='ltr'><strong>marl</strong></span> <span class='ocrx_word' id='word_1_422' title='bbox 1220 2975 1359 3030; x_wconf 83' lang='lat' dir='ltr'><strong>impositum,</strong></span> <span class='ocrx_word' id='word_1_423' title='bbox 1372 2973 1397 3018; x_wconf 91' lang='lat' dir='ltr'><strong>ln</strong></span> <span class='ocrx_word' id='word_1_424' title='bbox 1414 2983 1460 3030; x_wconf 92' lang='lat' dir='ltr'><strong>quo</strong></span> <span class='ocrx_word' id='word_1_425' title='bbox 1475 2975 1508 3018; x_wconf 84' lang='lat' dir='ltr'><strong>est</strong></span> <span class='ocrx_word' id='word_1_426' title='bbox 1520 2975 1543 3016; x_wconf 83' lang='lat' dir='ltr'><strong>ct</strong></span> <span class='ocrx_word' id='word_1_427' title='bbox 1554 2972 1660 3017; x_wconf 82' lang='lat' dir='ltr'><strong>cistenra.</strong></span> 
     </span>
    </p>
   </div>
   <div class='ocr_carea' id='block_1_17' title="bbox 877 3158 1663 3666">
    <p class='ocr_par' dir='ltr' id='par_1_29' title="bbox 877 3158 1663 3310">
     <span class='ocr_line' id='line_1_78' title="bbox 877 3158 1662 3227; baseline -0.009 -13"><span class='ocrx_word' id='word_1_428' title='bbox 877 3177 903 3213; x_wconf 87' lang='lat' dir='ltr'><strong>n.</strong></span> <span class='ocrx_word' id='word_1_429' title='bbox 915 3162 976 3221; x_wconf 84' lang='lat' dir='ltr'><strong>Quia</strong></span> <span class='ocrx_word' id='word_1_430' title='bbox 985 3161 1106 3227; x_wconf 77' lang='lat' dir='ltr'><strong>gurgitem</strong></span> <span class='ocrx_word' id='word_1_431' title='bbox 1115 3159 1312 3211; x_wconf 81' lang='lat' dir='ltr'><strong>solidum-tacit?</strong></span> <span class='ocrx_word' id='word_1_432' title='bbox 1322 3159 1377 3222; x_wconf 87' lang='lat' dir='ltr'><strong>quis</strong></span> <span class='ocrx_word' id='word_1_433' title='bbox 1389 3158 1414 3208; x_wconf 92' lang='lat' dir='ltr'><strong>in</strong></span> <span class='ocrx_word' id='word_1_434' title='bbox 1425 3159 1662 3220; x_wconf 82' lang='lat' dir='ltr'><strong>fluctibus-strepen-</strong></span> 
     </span>
     <span class='ocr_line' id='line_1_79' title="bbox 907 3244 1663 3310; baseline -0.008 -10"><span class='ocrx_word' id='word_1_435' title='bbox 907 3263 976 3300; x_wconf 91' lang='lat' dir='ltr'><strong>oram</strong></span> <span class='ocrx_word' id='word_1_436' title='bbox 987 3248 1156 3299; x_wconf 83' lang='lat' dir='ltr'><strong>circumituum</strong></span> <span class='ocrx_word' id='word_1_437' title='bbox 1171 3245 1292 3310; x_wconf 85' lang='lat' dir='ltr'><strong>lapidibus</strong></span> <span class='ocrx_word' id='word_1_438' title='bbox 1305 3245 1464 3296; x_wconf 79' lang='lat' dir='ltr'><strong>marmorcis?</strong></span> <span class='ocrx_word' id='word_1_439' title='bbox 1496 3244 1572 3308; x_wconf 87' lang='lat' dir='ltr'><strong>[tibus</strong></span> <span class='ocrx_word' id='word_1_440' title='bbox 1581 3245 1663 3296; x_wconf 79' lang='lat' dir='ltr'><strong>effecit</strong></span> 
     </span>
    </p>

    <p class='ocr_par' dir='ltr' id='par_1_30' title="bbox 877 3333 1660 3491">
     <span class='ocr_line' id='line_1_80' title="bbox 877 3333 1660 3402; baseline -0.006 -14"><span class='ocrx_word' id='word_1_441' title='bbox 877 3337 933 3402; x_wconf 87' lang='lat' dir='ltr'><strong>quis</strong></span> <span class='ocrx_word' id='word_1_442' title='bbox 945 3340 1029 3388; x_wconf 88' lang='lat' dir='ltr'><strong>autem</strong></span> <span class='ocrx_word' id='word_1_443' title='bbox 1041 3337 1067 3386; x_wconf 91' lang='lat' dir='ltr'><strong>in</strong></span> <span class='ocrx_word' id='word_1_444' title='bbox 1079 3334 1269 3386; x_wconf 87' lang='lat' dir='ltr'><strong>undis-marinis</strong></span> <span class='ocrx_word' id='word_1_445' title='bbox 1281 3333 1339 3384; x_wconf 86' lang='lat' dir='ltr'><strong>iecit</strong></span> <span class='ocrx_word' id='word_1_446' title='bbox 1352 3338 1439 3397; x_wconf 90' lang='lat' dir='ltr'><strong>potum</strong></span> <span class='ocrx_word' id='word_1_447' title='bbox 1451 3337 1538 3387; x_wconf 89' lang='lat' dir='ltr'><strong>nautas</strong></span> <span class='ocrx_word' id='word_1_448' title='bbox 1549 3347 1660 3394; x_wconf 82' lang='lat' dir='ltr'><strong>sumere,</strong></span> 
     </span>
     <span class='ocr_line' id='line_1_81' title="bbox 907 3423 1364 3491; baseline -0.009 -15"><span class='ocrx_word' id='word_1_449' title='bbox 907 3426 968 3491; x_wconf 86' lang='lat' dir='ltr'><strong>ipsis</strong></span> <span class='ocrx_word' id='word_1_450' title='bbox 979 3439 994 3478; x_wconf 93' lang='lat' dir='ltr'><strong>e</strong></span> <span class='ocrx_word' id='word_1_451' title='bbox 1004 3426 1062 3476; x_wconf 84' lang='lat' dir='ltr'><strong>nari</strong></span> <span class='ocrx_word' id='word_1_452' title='bbox 1076 3424 1191 3475; x_wconf 70' lang='lat' dir='ltr'><strong>meamus</strong></span> <span class='ocrx_word' id='word_1_453' title='bbox 1207 3423 1364 3474; x_wconf 75' lang='lat' dir='ltr'><strong>uendentes?</strong></span> 
     </span>
    </p>

    <p class='ocr_par' dir='ltr' id='par_1_31' title="bbox 879 3511 1462 3666">
     <span class='ocr_line' id='line_1_82' title="bbox 879 3511 1431 3579; baseline -0.013 -13"><span class='ocrx_word' id='word_1_454' title='bbox 879 3517 902 3566; x_wconf 84' lang='lat' dir='ltr'><strong>lr.</strong></span> <span class='ocrx_word' id='word_1_455' title='bbox 919 3516 965 3566; x_wconf 82' lang='lat' dir='ltr'><strong>lilc</strong></span> <span class='ocrx_word' id='word_1_456' title='bbox 976 3514 1118 3579; x_wconf 86' lang='lat' dir='ltr'><strong>ingeniosus</strong></span> <span class='ocrx_word' id='word_1_457' title='bbox 1127 3513 1165 3563; x_wconf 87' lang='lat' dir='ltr'><strong>rir</strong></span> <span class='ocrx_word' id='word_1_458' title='bbox 1178 3511 1296 3562; x_wconf 84' lang='lat' dir='ltr'><strong>venetius</strong></span> <span class='ocrx_word' id='word_1_459' title='bbox 1305 3511 1431 3574; x_wconf 83' lang='lat' dir='ltr'><strong>egregius,</strong></span> 
     </span>
     <span class='ocr_line' id='line_1_83' title="bbox 909 3599 1462 3666; baseline -0.013 -12"><span class='ocrx_word' id='word_1_460' title='bbox 909 3602 1021 3654; x_wconf 79' lang='lat' dir='ltr'><strong>aediliciis</strong></span> <span class='ocrx_word' id='word_1_461' title='bbox 1035 3601 1147 3666; x_wconf 80' lang='lat' dir='ltr'><strong>qui-vicit</strong></span> <span class='ocrx_word' id='word_1_462' title='bbox 1165 3601 1289 3651; x_wconf 85' lang='lat' dir='ltr'><strong>Theseum</strong></span> <span class='ocrx_word' id='word_1_463' title='bbox 1300 3602 1327 3649; x_wconf 88' lang='lat' dir='ltr'><strong>et</strong></span> <span class='ocrx_word' id='word_1_464' title='bbox 1338 3599 1462 3662; x_wconf 85' lang='lat' dir='ltr'><strong>Pelopem.</strong></span> 
     </span>
    </p>
   </div>
   <div class='ocr_carea' id='block_1_18' title="bbox 1516 3715 1659 3728">
    <p class='ocr_par' dir='ltr' id='par_1_32' title="bbox 1516 3715 1659 3728">
     <span class='ocr_line' id='line_1_84' title="bbox 1516 3715 1659 3728; baseline 0.007 -1"><span class='ocrx_word' id='word_1_465' title='bbox 1516 3715 1659 3728; x_wconf 45' lang='lat' dir='ltr'><strong>—u</strong></span> 
     </span>
    </p>
   </div>
   <div class='ocr_carea' id='block_1_19' title="bbox 852 3779 1520 4436">
    <p class='ocr_par' dir='ltr' id='par_1_33' title="bbox 852 3779 1520 4436">
     <span class='ocr_line' id='line_1_85' title="bbox 852 3779 1497 3870; baseline -0.009 -30"><span class='ocrx_word' id='word_1_466' title='bbox 852 3779 857 3870; x_wconf 66' lang='grc' dir='ltr'>ι</span> <span class='ocrx_word' id='word_1_467' title='bbox 878 3797 1007 3856; x_wconf 73' lang='lat' dir='ltr'><strong>Verbaque</strong></span> <span class='ocrx_word' id='word_1_468' title='bbox 1020 3805 1141 3856; x_wconf 87' lang='lat' dir='ltr'><strong>purpureo</strong></span> <span class='ocrx_word' id='word_1_469' title='bbox 1154 3790 1287 3854; x_wconf 88' lang='lat' dir='ltr'><strong>producens</strong></span> <span class='ocrx_word' id='word_1_470' title='bbox 1298 3791 1405 3850; x_wconf 81' lang='lat' dir='ltr'><strong>germina</strong></span> <span class='ocrx_word' id='word_1_471' title='bbox 1416 3788 1497 3845; x_wconf 82' lang='lat' dir='ltr'><strong>solco,</strong></span> 
     </span>
     <span class='ocr_line' id='line_1_86' title="bbox 853 3871 1431 3940; baseline -0.01 -14"><span class='ocrx_word' id='word_1_472' title='bbox 853 3871 857 3926; x_wconf 89' lang='lat' dir='ltr'><strong>l</strong></span> <span class='ocrx_word' id='word_1_473' title='bbox 912 3875 974 3924; x_wconf 85' lang='lat' dir='ltr'><strong>ilinc</strong></span> <span class='ocrx_word' id='word_1_474' title='bbox 987 3875 1056 3923; x_wconf 87' lang='lat' dir='ltr'><strong>riolis</strong></span> <span class='ocrx_word' id='word_1_475' title='bbox 1068 3875 1138 3924; x_wconf 82' lang='lat' dir='ltr'><strong>telius</strong></span> <span class='ocrx_word' id='word_1_476' title='bbox 1154 3873 1270 3940; x_wconf 83' lang='lat' dir='ltr'><strong>pingitur,</strong></span> <span class='ocrx_word' id='word_1_477' title='bbox 1283 3871 1339 3921; x_wconf 90' lang='lat' dir='ltr'><strong>iude</strong></span> <span class='ocrx_word' id='word_1_478' title='bbox 1352 3872 1411 3921; x_wconf 83' lang='lat' dir='ltr'><strong>rosis</strong></span> <span class='ocrx_word' id='word_1_479' title='bbox 1424 3889 1431 3919; x_wconf 91' lang='lat'>:</span> 
     </span>
     <span class='ocr_line' id='line_1_87' title="bbox 878 3957 1461 4010; baseline -0.009 -1"><span class='ocrx_word' id='word_1_480' title='bbox 878 3965 948 4009; x_wconf 85' lang='lat' dir='ltr'><strong>Prata</strong></span> <span class='ocrx_word' id='word_1_481' title='bbox 964 3959 1028 4009; x_wconf 80' lang='lat' dir='ltr'><strong>vides</strong></span> <span class='ocrx_word' id='word_1_482' title='bbox 1042 3959 1109 4008; x_wconf 89' lang='lat' dir='ltr'><strong>molli</strong></span> <span class='ocrx_word' id='word_1_483' title='bbox 1123 3958 1267 4008; x_wconf 73' lang='lat' dir='ltr'><strong>descendere</strong></span> <span class='ocrx_word' id='word_1_484' title='bbox 1279 3957 1371 4006; x_wconf 85' lang='lat' dir='ltr'><strong>roscida</strong></span> <span class='ocrx_word' id='word_1_485' title='bbox 1386 3957 1461 4010; x_wconf 84' lang='lat' dir='ltr'><strong>cliro.</strong></span> 
     </span>
     <span class='ocr_line' id='line_1_88' title="bbox 912 4037 1520 4106; baseline -0.007 -16"><span class='ocrx_word' id='word_1_486' title='bbox 912 4042 1091 4106; x_wconf 83' lang='lat' dir='ltr'><strong>Flexilibusque</strong></span> <span class='ocrx_word' id='word_1_487' title='bbox 1103 4040 1217 4090; x_wconf 88' lang='lat' dir='ltr'><strong>hederam</strong></span> <span class='ocrx_word' id='word_1_488' title='bbox 1230 4054 1337 4104; x_wconf 76' lang='lat' dir='ltr'><strong>querere</strong></span> <span class='ocrx_word' id='word_1_489' title='bbox 1350 4037 1425 4087; x_wconf 76' lang='lat' dir='ltr'><strong>fulera</strong></span> <span class='ocrx_word' id='word_1_490' title='bbox 1438 4037 1520 4086; x_wconf 86' lang='lat' dir='ltr'><strong>comis.</strong></span> 
     </span>
     <span class='ocr_line' id='line_1_89' title="bbox 879 4119 1443 4188; baseline -0.009 -16"><span class='ocrx_word' id='word_1_491' title='bbox 879 4125 979 4174; x_wconf 84' lang='lat' dir='ltr'><strong>Labitur</strong></span> <span class='ocrx_word' id='word_1_492' title='bbox 992 4123 1096 4173; x_wconf 86' lang='lat' dir='ltr'><strong>inclusus</strong></span> <span class='ocrx_word' id='word_1_493' title='bbox 1109 4123 1167 4188; x_wconf 81' lang='lat' dir='ltr'><strong>ripis</strong></span> <span class='ocrx_word' id='word_1_494' title='bbox 1182 4121 1341 4170; x_wconf 73' lang='lat' dir='ltr'><strong>viridantibus</strong></span> <span class='ocrx_word' id='word_1_495' title='bbox 1350 4119 1443 4181; x_wconf 83' lang='lat' dir='ltr'><strong>amuis,</strong></span> 
     </span>
     <span class='ocr_line' id='line_1_90' title="bbox 911 4203 1439 4270; baseline -0.009 -14"><span class='ocrx_word' id='word_1_496' title='bbox 911 4207 1074 4270; x_wconf 76' lang='lat' dir='ltr'><strong>Natis-umque</strong></span> <span class='ocrx_word' id='word_1_497' title='bbox 1085 4219 1169 4254; x_wconf 86' lang='lat' dir='ltr'><strong>nemus</strong></span> <span class='ocrx_word' id='word_1_498' title='bbox 1180 4203 1277 4269; x_wconf 87' lang='lat' dir='ltr'><strong>limpida</strong></span> <span class='ocrx_word' id='word_1_499' title='bbox 1291 4203 1354 4251; x_wconf 87' lang='lat' dir='ltr'><strong>radit</strong></span> <span class='ocrx_word' id='word_1_500' title='bbox 1368 4217 1439 4267; x_wconf 85' lang='lat' dir='ltr'><strong>aqua.</strong></span> 
     </span>
     <span class='ocr_line' id='line_1_91' title="bbox 879 4283 1453 4337; baseline -0.009 0"><span class='ocrx_word' id='word_1_501' title='bbox 879 4292 914 4337; x_wconf 75' lang='lat' dir='ltr'><strong>liu</strong></span> <span class='ocrx_word' id='word_1_502' title='bbox 927 4293 1003 4337; x_wconf 82' lang='lat' dir='ltr'><strong>Aruor</strong></span> <span class='ocrx_word' id='word_1_503' title='bbox 1018 4303 1025 4337; x_wconf 91' lang='lat'>:</span> <span class='ocrx_word' id='word_1_504' title='bbox 1041 4285 1105 4336; x_wconf 91' lang='lat' dir='ltr'><strong>haud</strong></span> <span class='ocrx_word' id='word_1_505' title='bbox 1117 4285 1166 4334; x_wconf 93' lang='lat' dir='ltr'><strong>alio</strong></span> <span class='ocrx_word' id='word_1_506' title='bbox 1179 4285 1282 4334; x_wconf 87' lang='lat' dir='ltr'><strong>debebat</strong></span> <span class='ocrx_word' id='word_1_507' title='bbox 1296 4285 1393 4333; x_wconf 90' lang='lat' dir='ltr'><strong>nomine</strong></span> <span class='ocrx_word' id='word_1_508' title='bbox 1404 4283 1453 4333; x_wconf 90' lang='lat' dir='ltr'><strong>dici</strong></span> 
     </span>
     <span class='ocr_line' id='line_1_92' title="bbox 866 4368 1448 4436; baseline -0.009 -12"><span class='ocrx_word' id='word_1_509' title='bbox 866 4415 871 4425; x_wconf 90' lang='lat'><em>.</em></span> <span class='ocrx_word' id='word_1_510' title='bbox 912 4372 997 4421; x_wconf 85' lang='lat' dir='ltr'><strong>Gratia</strong></span> <span class='ocrx_word' id='word_1_511' title='bbox 1011 4386 1082 4436; x_wconf 88' lang='lat' dir='ltr'><strong>quem</strong></span> <span class='ocrx_word' id='word_1_512' title='bbox 1092 4371 1165 4420; x_wconf 88' lang='lat' dir='ltr'><strong>tantis</strong></span> <span class='ocrx_word' id='word_1_513' title='bbox 1178 4368 1273 4419; x_wconf 88' lang='lat' dir='ltr'><strong>dotibus</strong></span> <span class='ocrx_word' id='word_1_514' title='bbox 1282 4376 1370 4431; x_wconf 81' lang='lat' dir='ltr'><strong>ornat,</strong></span> <span class='ocrx_word' id='word_1_515' title='bbox 1383 4384 1448 4433; x_wconf 88' lang='lat' dir='ltr'><strong>ager.</strong></span> 
     </span>
    </p>
   </div>
   <div class='ocr_carea' id='block_1_20' title="bbox 1175 4489 1363 4550">
    <p class='ocr_par' dir='ltr' id='par_1_34' title="bbox 1175 4489 1363 4550">
     <span class='ocr_line' id='line_1_93' title="bbox 1175 4489 1363 4550; baseline 0.011 -14"><span class='ocrx_word' id='word_1_516' title='bbox 1175 4489 1234 4550; x_wconf 78' lang='lat'><strong>670.</strong></span> <span class='ocrx_word' id='word_1_517' title='bbox 1253 4503 1363 4538; x_wconf 80' lang='lat' dir='ltr'><strong>racuarr.</strong></span> 
     </span>
    </p>
   </div>
   <div class='ocr_carea' id='block_1_21' title="bbox 981 4603 1563 4756">
    <p class='ocr_par' dir='ltr' id='par_1_35' title="bbox 981 4603 1563 4756">
     <span class='ocr_line' id='line_1_94' title="bbox 981 4603 1563 4671; baseline -0.009 -14"><span class='ocrx_word' id='word_1_518' title='bbox 981 4611 1017 4657; x_wconf 85' lang='lat' dir='ltr'><strong>De</strong></span> <span class='ocrx_word' id='word_1_519' title='bbox 1027 4605 1087 4656; x_wconf 87' lang='lat' dir='ltr'><strong>mole</strong></span> <span class='ocrx_word' id='word_1_520' title='bbox 1099 4605 1134 4655; x_wconf 84' lang='lat' dir='ltr'><strong>od</strong></span> <span class='ocrx_word' id='word_1_521' title='bbox 1145 4611 1274 4670; x_wconf 73' lang='lat' dir='ltr'><strong>Smyrnam</strong></span> <span class='ocrx_word' id='word_1_522' title='bbox 1286 4606 1347 4654; x_wconf 85' lang='lat' dir='ltr'><strong>mari</strong></span> <span class='ocrx_word' id='word_1_523' title='bbox 1365 4604 1466 4671; x_wconf 82' lang='lat' dir='ltr'><strong>injecta,</strong></span> <span class='ocrx_word' id='word_1_524' title='bbox 1481 4603 1506 4654; x_wconf 83' lang='lat' dir='ltr'><strong>io</strong></span> <span class='ocrx_word' id='word_1_525' title='bbox 1517 4621 1563 4671; x_wconf 81' lang='lat' dir='ltr'><strong>qua</strong></span> 
     </span>
     <span class='ocr_line' id='line_1_95' title="bbox 1195 4687 1348 4756; baseline 0.007 -20"><span class='ocrx_word' id='word_1_526' title='bbox 1195 4697 1231 4736; x_wconf 82' lang='lat' dir='ltr'><strong>est</strong></span> <span class='ocrx_word' id='word_1_527' title='bbox 1242 4687 1348 4756; x_wconf 82' lang='lat' dir='ltr'><strong>aquatio.</strong></span> 
     </span>
    </p>
   </div>
   <div class='ocr_carea' id='block_1_22' title="bbox 881 4803 1567 5287">
    <p class='ocr_par' dir='ltr' id='par_1_36' title="bbox 881 4803 1562 4954">
     <span class='ocr_line' id='line_1_96' title="bbox 881 4803 1562 4872; baseline -0.004 -15"><span class='ocrx_word' id='word_1_528' title='bbox 881 4808 942 4872; x_wconf 87' lang='lat' dir='ltr'><strong>Quia</strong></span> <span class='ocrx_word' id='word_1_529' title='bbox 953 4808 1056 4857; x_wconf 91' lang='lat' dir='ltr'><strong>solidum</strong></span> <span class='ocrx_word' id='word_1_530' title='bbox 1070 4807 1152 4858; x_wconf 84' lang='lat' dir='ltr'><strong>statuit</strong></span> <span class='ocrx_word' id='word_1_531' title='bbox 1167 4811 1250 4856; x_wconf 85' lang='lat' dir='ltr'><strong>mare?</strong></span> <span class='ocrx_word' id='word_1_532' title='bbox 1262 4804 1316 4871; x_wconf 85' lang='lat' dir='ltr'><strong>quis</strong></span> <span class='ocrx_word' id='word_1_533' title='bbox 1330 4803 1360 4854; x_wconf 88' lang='lat' dir='ltr'><strong>de</strong></span> <span class='ocrx_word' id='word_1_534' title='bbox 1374 4821 1494 4855; x_wconf 87' lang='lat' dir='ltr'><strong>marmore</strong></span> <span class='ocrx_word' id='word_1_535' title='bbox 1509 4803 1562 4854; x_wconf 86' lang='lat' dir='ltr'><strong>iecit</strong></span> 
     </span>
     <span class='ocr_line' id='line_1_97' title="bbox 915 4888 1428 4954; baseline -0.004 -14"><span class='ocrx_word' id='word_1_536' title='bbox 915 4891 1035 4940; x_wconf 84' lang='lat' dir='ltr'><strong>Pulsatum</strong></span> <span class='ocrx_word' id='word_1_537' title='bbox 1052 4890 1129 4940; x_wconf 80' lang='lat' dir='ltr'><strong>vitreo</strong></span> <span class='ocrx_word' id='word_1_538' title='bbox 1144 4891 1211 4939; x_wconf 85' lang='lat' dir='ltr'><strong>littus</strong></span> <span class='ocrx_word' id='word_1_539' title='bbox 1225 4889 1347 4954; x_wconf 87' lang='lat' dir='ltr'><strong>utrimque</strong></span> <span class='ocrx_word' id='word_1_540' title='bbox 1359 4888 1428 4939; x_wconf 78' lang='lat' dir='ltr'><strong>salai</strong></span> 
     </span>
    </p>

    <p class='ocr_par' dir='ltr' id='par_1_37' title="bbox 881 4971 1489 5106">
     <span class='ocr_line' id='line_1_98' title="bbox 881 4971 1489 5036; baseline -0.005 -14"><span class='ocrx_word' id='word_1_541' title='bbox 881 4973 942 5036; x_wconf 88' lang='lat' dir='ltr'><strong>Quis</strong></span> <span class='ocrx_word' id='word_1_542' title='bbox 955 4973 1021 5022; x_wconf 85' lang='lat' dir='ltr'><strong>dedit</strong></span> <span class='ocrx_word' id='word_1_543' title='bbox 1036 4982 1061 5021; x_wconf 88' lang='lat' dir='ltr'><strong>ut</strong></span> <span class='ocrx_word' id='word_1_544' title='bbox 1076 4972 1143 5021; x_wconf 84' lang='lat' dir='ltr'><strong>salsis</strong></span> <span class='ocrx_word' id='word_1_545' title='bbox 1154 4973 1236 5021; x_wconf 89' lang='lat' dir='ltr'><strong>dulces</strong></span> <span class='ocrx_word' id='word_1_546' title='bbox 1250 4972 1274 5020; x_wconf 90' lang='lat' dir='ltr'><strong>in</strong></span> <span class='ocrx_word' id='word_1_547' title='bbox 1289 4971 1402 5020; x_wconf 87' lang='lat' dir='ltr'><strong>fluctibus</strong></span> <span class='ocrx_word' id='word_1_548' title='bbox 1415 4971 1489 5020; x_wconf 87' lang='lat' dir='ltr'><strong>undas</strong></span> 
     </span>
     <span class='ocr_line' id='line_1_99' title="bbox 915 5056 1415 5106; baseline 0 -2"><span class='ocrx_word' id='word_1_549' title='bbox 915 5056 1031 5104; x_wconf 84' lang='lat' dir='ltr'><strong>Hauriret</strong></span> <span class='ocrx_word' id='word_1_550' title='bbox 1044 5056 1155 5105; x_wconf 87' lang='lat' dir='ltr'><strong>manibus</strong></span> <span class='ocrx_word' id='word_1_551' title='bbox 1164 5057 1194 5105; x_wconf 88' lang='lat' dir='ltr'><strong>de</strong></span> <span class='ocrx_word' id='word_1_552' title='bbox 1206 5066 1258 5106; x_wconf 87' lang='lat' dir='ltr'><strong>rate</strong></span> <span class='ocrx_word' id='word_1_553' title='bbox 1271 5063 1343 5105; x_wconf 90' lang='lat' dir='ltr'><strong>nauta</strong></span> <span class='ocrx_word' id='word_1_554' title='bbox 1355 5058 1415 5105; x_wconf 82' lang='lat' dir='ltr'><strong>sua?</strong></span> 
     </span>
    </p>

    <p class='ocr_par' dir='ltr' id='par_1_38' title="bbox 881 5137 1567 5287">
     <span class='ocr_line' id='line_1_100' title="bbox 881 5137 1464 5202; baseline -0.005 -14"><span class='ocrx_word' id='word_1_555' title='bbox 881 5138 1000 5188; x_wconf 79' lang='lat' dir='ltr'><strong>Maximus</strong></span> <span class='ocrx_word' id='word_1_556' title='bbox 1010 5137 1098 5202; x_wconf 80' lang='lat' dir='ltr'><strong>ingenii</strong></span> <span class='ocrx_word' id='word_1_557' title='bbox 1108 5142 1202 5187; x_wconf 87' lang='lat' dir='ltr'><strong>Veneto</strong></span> <span class='ocrx_word' id='word_1_558' title='bbox 1216 5139 1253 5187; x_wconf 86' lang='lat' dir='ltr'><strong>rir</strong></span> <span class='ocrx_word' id='word_1_559' title='bbox 1262 5137 1360 5187; x_wconf 86' lang='lat' dir='ltr'><strong>nominc</strong></span> <span class='ocrx_word' id='word_1_560' title='bbox 1371 5137 1464 5198; x_wconf 80' lang='lat' dir='ltr'><strong>dictus,</strong></span> 
     </span>
     <span class='ocr_line' id='line_1_101' title="bbox 915 5219 1567 5287; baseline -0.003 -18"><span class='ocrx_word' id='word_1_561' title='bbox 915 5221 994 5269; x_wconf 86' lang='lat' dir='ltr'><strong>Laude</strong></span> <span class='ocrx_word' id='word_1_562' title='bbox 1009 5235 1108 5285; x_wconf 85' lang='lat' dir='ltr'><strong>operum</strong></span> <span class='ocrx_word' id='word_1_563' title='bbox 1121 5220 1285 5287; x_wconf 82' lang='lat' dir='ltr'><strong>Theseusque</strong></span> <span class='ocrx_word' id='word_1_564' title='bbox 1298 5219 1378 5269; x_wconf 86' lang='lat' dir='ltr'><strong>minor</strong></span> <span class='ocrx_word' id='word_1_565' title='bbox 1390 5230 1461 5284; x_wconf 85' lang='lat' dir='ltr'><strong>atque</strong></span> <span class='ocrx_word' id='word_1_566' title='bbox 1476 5219 1567 5284; x_wconf 79' lang='lat' dir='ltr'><strong>Pelops.</strong></span> 
     </span>
    </p>
   </div>
   <div class='ocr_carea' id='block_1_23' title="bbox 0 0 1902 5914">
    <p class='ocr_par' dir='ltr' id='par_1_39' title="bbox 0 0 1902 5914">
     <span class='ocr_line' id='line_1_102' title="bbox 0 0 1902 5914; baseline 0 0"><span class='ocrx_word' id='word_1_567' title='bbox 0 0 1902 5914; x_wconf 95' lang='lat' dir='ltr'><strong> </strong></span> 
     </span>
    </p>
   </div>
  </div>
 </body>
</html>
