3780 5920
224 403 298 464 532·

486 537 529 585 nr.
555 535 750 582 inusuoron.

223 675 261 744 lli
275 685 348 750 εῖδως
362 680 402 741 ότι
416 679 507 751 θνητός
522 677 598 760 ἔρυς,
615 677 660 737 τὸν
675 675 756 754 θυμδν
770 675 828 744 ἄεξε
839 677 857 752 ,“

220 773 379 852 τερπόμενος
389 769 502 848 θαλίῃσι
519 767 623 828 θανόντι
638 788 679 827 σοι
692 765 763 833 οὔτις
774 763 873 837 όνησις.

224 861 278 922 Καὶ
290 861 341 939 γάρ
356 857 407 936 tyb
422 855 516 922 σποδός
528 856 598 931 εἰμι,
612 854 692 916 Νίνου
703 852 819 933 μεγάλης
834 848 1003 932 βασιλεύσας.

221 947 364 1026 Τόσσ’ἔχιυ
375 943 432 1004 όσσ’
443 942 539 1024 ἔραγον
550 938 596 1002 καὶ
606 941 750 1022 ἐρόόρισα,
761 942 808 1001 καὶ
824 939 881 1017 μετ’
892 943 989 1018 ἔρωτος

781 391 1037 454 ANTHOLOGIAE
1059 390 1263 450 PALATINAE

1455 280 1468 366 'l

1336 543 1374 589 27.
1398 549 1559 591 ANONYHI.

1051 677 1114 724 Bene
1129 673 1209 724 sciens
1220 675 1246 723 te
1256 685 1311 722 esse
1326 675 1414 722 natura
1424 672 1563 730 mortalem,
1575 670 1685 720 animum
1694 682 1768 733 auge,

1050 763 1209 813 delectans-te
1227 759 1421 811 festivitatibus:
1434 761 1533 809 mortuo
1546 759 1593 808 tibi
1608 758 1701 808 nullius
1715 770 1779 806 unus.

1051 855 1162 914 Namque
1178 852 1204 900 et
1217 862 1262 914 ego
1280 847 1342 898 einis
1359 861 1431 908 aum,
1449 846 1548 898 llinires
1566 859 1662 910 magnas
1674 845 1818 909 qrriregami

1049 936 1375 1000 rantumbabeo,quann1m
1383 932 1513 984 comedint
1522 933 1638 997 superbii,
1649 937 1818 982 etcum-amore

220 1037 309 1114 τέρπν’
320 1034 408 1106 έδάην·
423 1033 457 1094 τδι
471 1033 498 1092 δὲ
512 1030 656 1093 παλλακαὶ
670 1030 749 1090 όλόια
765 1037 838 1090 κεῖνα
852 1027 1001 1089 λέλειπται.
1047 1025 1157 1089 iucunda
1170 1023 1245 1074 didici
1260 1023 1355 1072 :mulla
1365 1035 1424 1073 vero
1434 1024 1462 1072 et
1471 1021 1544 1072 beata
1553 1021 1595 1071 illa
1606 1021 1768 1071 relicta-sunt

221 1126 290 1184 Ἥδι
307 1121 375 1204 noni,
389 1119 485 1202 βιότοιο
500 1118 652 1200 παραίνεσις
668 1117 850 1199 ἀνθρώποισιν.

508 1291 554 1344 28.
575 1290 713 1339 touton.

223 1415 321 1482 ‘little
334 1415 381 1489 μέν
393 1414 488 1482 θήόας
502 1415 628 1493 προτέρας
641 1412 795 1492 προῦκρινεν
807 1413 833 1469 ἐν
849 1410 945 1476 αὐλοῖς·

264 1503 355 1576 &itini
369 1502 396 1562 δὲ
411 1502 561 1582 Πρόνομον,
577 1504 659 1560 παῖδα
674 1501 719 1558 τόν
731 1500 867 1560 Οἷνιάδου.

490 1664 537 1714 29.
556 1662 753 1710 ΑΔΕΣΠΟΤΟΝ.

225 1810 259 1868 Ei
270 1832 329 1867 τινα
342 1808 444 1868 πώποτ’
457 1808 572 1874 ἄκουσας
585 1804 725 1866 Ἐνυαλίου
742 1803 816 1883 φιλον
831 1801 896 1876 υἱόν,

225 1899 270 1956 καὶ
282 1896 408 1978 κρατερόν
425 1895 534 1970 δυνάμει
547 1892 592 1954 καὶ
604 1892 747 1972 θαρσαλέον
765 1889 925 1966 πολεμίζειν,

224 1985 345 2067 Ἕκτορα
355 1985 400 2044 τόν
416 1984 549 2062 Πριάμοιο
564 1982 617 2042 νόει
630 1987 726 2058 μοῦνον
739 1983 905 2058 γεγενῆσθαι,

225 2076 253 2133 όν
267 2098 331 2134 ποτε
344 2073 510 2153 μαρνάμενον
525 2069 660 2148 Διομήδης
672 2069 776 2128 ἔκτανεν
788 2067 864 2146 ἀνὴρ,

226 2163 285 2230 αἴας
298 2161 350 2243 πρὸ
363 2165 388 2222 Τ
391 2159 463 2241 μόνων
478 2159 605 2220 Δαναοῖσι
620 2158 709 2237 μάχην
724 2155 896 2236 προφέροντα·

225 2251 253 2309 δν
270 2251 316 2310 καὶ
327 2252 389 2332 τῇδε
404 2249 516 2309 θανόντα
529 2247 610 2328 πόρος
620 2248 664 2306 όδι
674 2243 881 2325 ἀμφικαλύπτει.

492 2411 539 2462 30.
561 2399 739 2459 ruminor.

227 2550 293 2626 Χεέρ
309 2576 342 2626 με
357 2550 532 2628 Πολυγνώτου
547 2548 649 2608 Θασίου
665 2544 758 2622 κάμεν·
773 2541 827 2619 εἰμὶ
840 2540 862 2598 δ’
874 2541 969 2604 ἐκεῖνος

268 2639 444 2715 Σαλμωνεὺς,
464 2637 581 2716 βρονταῖς
596 2636 622 2700 θς
637 2633 697 2698 Διὸς
712 2629 870 2706 δντεμάνην,

228 2727 256 2794 ός
268 2750 301 2803 με
313 2729 359 2785 καὶ
373 2728 409 2786 εἰν
423 2720 494 2805 Ἀΐδῃ
510 2729 600 2802 πορθεῖ
609 2719 745 2796 πάλι,καί
759 2739 793 2796 με
805 2723 939 2798 κεραυνοῖς

270 2815 381 2895 βάλλει,
398 2819 483 2892 μισῶν
497 2837 547 2890 μου
561 2812 607 2870 κοῦ
620 2810 747 2868 λαλέοντα
758 2805 851 2866 τόπον.

228 2900 322 2985 Ἴσχε,
338 2907 406 2979 Ζεῦ,
420 2905 577 2981 πρηστῆρα,
589 2897 665 2976 μέθες
679 2896 767 2976 χόλον·
782 2897 837 2972 εἰμὶ
849 2891 901 2972 γδρ
914 2889 1009 2955 ἄπνους

268 2992 398 3059 δσκοπός·
413 2989 523 3071 ἀψύχοις
537 2987 619 3046 εἰκόσι
630 2985 667 3062 μὴ
682 2984 801 3060 πολέμει.

452 3163 500 3212 bt.
524 3146 790 3212 ΣΠΕΥΣΙΠΠΟΥ.

230 3294 316 3366 Σῶμα
333 3290 380 3368 μέν
391 3293 417 3349 ἐν
428 3287 534 3353 κόλποις
548 3284 656 3363 κατέχει
670 3284 729 3342 τόδε
744 3289 808 3359 γαῖα
820 3277 969 3342 Πλάτωνος

269 3381 374 3460 ψυχηδ
392 3377 491 3437 ἰσόθεον
508 3374 584 3442 τάξιν
599 3374 654 3450 ἔχει
675 3368 801 3445 μακόσονν

1051 1117 1111 1164 Haec
1119 1116 1158 1164 est
1168 1113 1264 1176 sapiens
1276 1111 1373 1162 devita
1380 1108 1516 1162 admonitio
1528 1108 1678 1159 bominssrns.

1355 1274 1392 1318 28.
1405 1273 1542 1320 incuti.
1555 1303 1558 1307 -

1052 1426 1135 1476 Hellas
1148 1423 1247 1488 quidem
1259 1421 1357 1472 Tbebm
1365 1419 1456 1484 primas
1470 1419 1702 1483 omnibus-prefert
1713 1417 1739 1467 in
1752 1416 1818 1473 amis,

1083 1513 1174 1564 Thebes
1184 1525 1244 1562 vero
1254 1508 1404 1576 proferunt
1419 1511 1569 1558 monomum
1581 1505 1663 1556 lilium
1677 1504 1794 1556 OEaiadn

1339 1661 1379 1708 29·
1401 1667 1560 1710 ottonum.

1053 1815 1079 1864 si
1091 1827 1164 1877 quem
1175 1824 1284 1877 unquam
1297 1809 1388 1860 audisti
1397 1807 1482 1858 blartis
1492 1807 1610 1857 dilectum
1623 1805 1711 1864 filium,

1053 1905 1080 1954 et
1092 1901 1202 1952 validum
1215 1897 1324 1959 viribus,
1338 1900 1365 1948 et
1379 1881 1499 1947 audacem
1509 1892 1647 1959 pugnandi,

1054 1992 1186 2042 Hectorem
1200 1986 1291 2038 Priami
1305 1984 1386 2050 eogita
1400 1984 1479 2034 solum
1492 1981 1584 2041 iuben,

1053 2091 1129 2142 quem
1140 2074 1264 2142 quondam
1277 2075 1424 2138 pugnantem
1441 2068 1574 2120 Diomedes
1588 2067 1712 2119 intertndt
1727 2068 1772 2126 rir,

1053 2170 1120 2217 terra
1133 2178 1178 2229 pro
1191 2162 1351 2224 Troianorum
1368 2157 1460 2210 Danais
1467 2171 1574 2223 pugnam
1586 2157 1734 2207 inferentem
1746 2174 1753 2204 :

1054 2265 1128 2316 quem
1141 2254 1167 2301 et
1176 2250 1219 2300 blo
1232 2251 1359 2298 mortuum
1371 2245 1486 2296 tumulus
1497 2243 1566 2294 bione
1577 2241 1713 2293 absoondit„

1350 2404 1389 2450 30.
1410 2399 1531 2448 Gummi.

1056 2560 1144 2608 Manus
1157 2569 1198 2606 me
1211 2555 1337 2620 Polygnoti
1350 2553 1437 2604 Thasii
1449 2552 1600 2609 elaborarit;
1618 2563 1674 2600 sum
1694 2551 1777 2597 autem
1790 2545 1825 2594 ille

1086 2645 1242 2705 Salmoneus,
1254 2642 1396 2694 tonitrubus
1406 2640 1450 2704 qni
1460 2639 1531 2690 loris
1544 2635 1720 2697 eontra-lurik

1055 2736 1077 2785 is
1087 2747 1128 2784 me
1137 2733 1211 2784 etiam
1223 2731 1248 2781 in
1262 2734 1329 2781 Oreo
1337 2728 1443 2780 destruit
1451 2741 1554 2787 rursus,
1566 2729 1592 2776 et
1603 2737 1642 2774 me
1653 2721 1795 2774 tulminibna

1084 2822 1216 2884 jaculatur,
1230 2832 1320 2872 exosus
1330 2831 1411 2869 meam
1422 2816 1498 2868 etiam
1512 2819 1608 2866 mutem
1622 2812 1738 2876 spetiem
1749 2809 1831 2874 [a'n'n

1056 2911 1165 2973 Cohibe,
1177 2925 1193 2962 ο
1205 2909 1312 2974 Jupiter,
1319 2908 1425 2968 fulmen,
1437 2905 1537 2957 remitte
1546 2903 1608 2954 iram
1622 2915 1696 2951 :sum
1709 2899 1776 2951 emim
1786 2899 1831 2948 im·

1087 3012 1178 3064 scopus
1193 3017 1200 3048 :
1213 2994 1429 3048 anima-destitutis
1436 2992 1584 3058 imaginibus
1596 3004 1626 3042 ne
1638 2986 1809 3040 bellum-inter.

1337 3145 1376 3190 ³1.
1393 3139 1561 3188 SPEUSIPPl.

1056 3279 1151 3340 corpus
1163 3273 1265 3338 quidem
1276 3273 1304 3322 in
1324 3269 1417 3335 gremio
1430 3269 1500 3320 tenet
1508 3267 1585 3317 boene
1597 3268 1663 3314 terra
1672 3263 1779 3313 Platonis
1792 3279 1799 3308 ι
1889 3266 1890 3325 j

1088 3362 1184 3415 animus
1197 3363 1280 3411 autem
1292 3357 1341 3408 diis
1351 3370 1435 3421 parem
1449 3354 1560 3405 ordinem
1574 3351 1647 3402 babet
1662 3349 1799 3400 beatorum.
1889 3400 1890 3407 ς

981 3605 1130 3622 ...ὓ--

256 3869 261 3884 ·
1063 3840 1168 3886 lienlora
1178 3833 1314 3884 Pniamiden
1328 3830 1394 3880 hunc
1407 3845 1457 3878 eme
1471 3827 1577 3891 intellige
1589 3827 1665 3876 solum
1680 3840 1686 3872 :

1064 3923 1143 3982 Quem
1154 3918 1318 3966 decertantem
1326 3911 1430 3962 coniecit
1442 3910 1480 3959 sir
1490 3909 1633 3970 Diomedes,

1063 4003 1134 4067 Troja
1146 4017 1191 4068 pro
1202 3998 1279 4066 patria
1290 3999 1347 4047 dum
1356 3994 1456 4046 Grairim
1470 3993 1535 4044 bella
1547 3990 1647 4042 boessit

1065 4088 1111 4138 llic
1124 4087 1172 4138 rita
1184 4085 1273 4144 caruit,
1283 4084 1348 4149 jacet
1356 4080 1403 4130 bae
1411 4079 1456 4130 sub
1469 4079 1533 4128 mole
1544 4077 1659 4143 sepultus.

536 3866 576 3912 ²7·
593 3861 701 3902 irrorari,

511 3953 541 4004 de
552 3947 732 4018 Sardanapalo.

238 4087 350 4142 Mortalis
358 4099 451 4136 memor
461 4098 527 4143 esse,
538 4089 580 4129 tuo
592 4079 622 4127 da
634 4075 718 4142 gaudia
730 4070 812 4138 cordi,

239 4179 269 4224 El
278 4171 373 4238 genium
390 4168 467 4234 plana.
481 4163 522 4215 Nil
536 4161 595 4212 utile
609 4161 662 4208 luae
673 4154 774 4207 carenti.

239 4264 292 4323 lpse
306 4270 349 4318 ego
362 4267 414 4302 sum
427 4249 486 4299 ciuis
497 4263 569 4308 eece,
580 4243 640 4294 Nini
652 4241 694 4307 qui
707 4249 800 4304 sceptra
813 4234 933 4286 tenebam.

240 4347 300 4404 Quae
311 4337 370 4396 lusi,
382 4332 449 4401 queis
461 4341 541 4398 pastus
554 4345 609 4393 ego,
624 4339 724 4392 quaeque
736 4323 800 4371 inter
812 4333 904 4369 amores

239 4431 303 4474 Laeta
315 4419 375 4477 tuli,
387 4433 440 4467 mea
451 4423 507 4464 sunt
518 4429 525 4463 ε
537 4412 577 4461 illa
587 4410 676 4475 inclyte
687 4415 781 4465 cetera,
792 4402 859 4454 lumi.

241 4514 299 4558 llaee
310 4507 369 4556 adeo
380 4512 416 4552 est
430 4500 523 4566 sapiens
536 4496 647 4546 humanae
659 4490 741 4556 regulo
753 4488 816 4537 νήια.

543 4631 584 4678 28.
602 4640 711 4677 rrcnarr.

242 4766 376 4822 blaltilorb
384 4775 468 4816 cantus
476 4760 567 4814 Thebis
578 4761 619 4808 dat
628 4755 720 4807 Graeeia
730 4753 825 4803 laudern
836 4768 843 4812 ;

275 4848 406 4903 AtThebae
415 4851 549 4905 Pronomo,
559 4841 597 4898 eui
609 4848 678 4907 paler
690 4835 818 4887 OEniades.

545 4997 586 5044 ορ.
607 4992 722 5028 sacrari.

244 5117 268 5166 si
281 5113 335 5180 quis
347 5109 446 5161 Gradivi
461 5106 539 5174 pullus
554 5104 599 5154 tibi
612 5099 710 5178 ¹contigit
722 5113 806 5157 arrres,

246 5196 346 5248 Viribus
357 5193 492 5252 excellens,
503 5188 630 5252 animoque
642 5185 671 5235 sd
685 5182 766 5250 prelia
781 5178 853 5242 lorti,

1377 4239 1419 4286 3ο.
1437 4251 1540 4286 υιειιπι.

1066 4382 1127 4428 Eece
1140 4374 1264 4443 Polygnoti
1277 4371 1357 4423 Thasii
1367 4386 1450 4420 manns
1465 4384 1473 4420 ι
1488 4383 1562 4418 ausus
1573 4381 1616 4430 ego
1629 4365 1668 4412 ille

1098 4463 1237 4515 Salmoneus
1249 4467 1334 4508 eontra
1346 4455 1403 4505 salsa
1419 4461 1502 4502 tonare
1517 4454 1611 4501 Jorenr.

1066 4548 1114 4614 Qui
1128 4562 1167 4597 me
1181 4552 1252 4594 vexat
1262 4541 1326 4608 apud
1337 4554 1430 4596 manos,
1442 4546 1467 4586 et
1482 4534 1582 4584 iuimina
1593 4541 1679 4582 mutarn

1100 4630 1189 4682 vibrat
1202 4627 1229 4678 in
1243 4607 1307 4677 hine
1321 4623 1414 4688 (odium
1427 4636 1476 4686 quo
1489 4618 1564 4681 ruill)
1576 4615 1682 4682 effigiem.

1068 4719 1154 4778 Parce,
1165 4714 1271 4766 Tonans,
1290 4706 1409 4766 flammis,
1424 4704 1487 4752 imm
1499 4716 1582 4768 preme
1597 4715 1604 4747 z
1618 4711 1672 4746 nam
1683 4695 1732 4743 sine
1746 4691 1791 4739 rin

1101 4801 1158 4849 Sum
1170 4793 1279 4861 scopulus
1295 4807 1302 4841 :
1319 4789 1410 4839 bellum
1424 4801 1455 4835 ne
1468 4784 1505 4834 iao
1514 4781 1660 4848 imaginibus.

1358 4936 1400 4983 31.
1418 4945 1553 4982 annuerant.

1068 5085 1143 5132 Terra
1152 5080 1205 5129 sinu
1217 5073 1295 5140 magni
1306 5069 1475 5138 complectitur
1486 5083 1538 5116 oasa
1551 5061 1667 5122 Platonis;

1103 5170 1149 5215 Par
1161 5160 1253 5229 superis
1266 5158 1359 5209 aninum
1371 5169 1444 5220 regna
1459 5152 1530 5202 beata
1541 5158 1616 5199 tenet.
