3878 5912
482 378 607 440 CAPUT
626 381 675 440 IX.
699 381 980 444 Epinnlnninin
1003 384 1337 445 DEltIONSTRiiTlVA.

148 504 260 565 εὖόπλου
273 511 384 567 Δαναῶν
396 509 486 586 ἔγκυον
499 511 620 590 ἡσυχίης.

104 595 248 656 Τεαταίνει
260 597 307 673 μὲν
321 595 441 668 Ἐπειὸς,
456 597 578 671 Ἀθηναίη
595 601 623 657 δὲ
638 601 737 660 κελεύει

147 685 231 762 ἔργον·
244 684 310 742 ὑπὲκ
320 685 402 743 νώτου
418 686 440 742 δ’
456 684 556 753 Ἑλλὰς
568 689 616 744 ὅλα
630 687 728 750 δύεται.

88 759 145 832 ‘'il
161 775 194 852 ῥα
210 771 297 849 μέταν
313 772 440 832 ἀπόλοντο
452 774 527 840 τόσος
539 775 661 854 στρατθς,
674 779 696 834 εί
707 777 771 856 πρός
785 777 854 856 ἄρηα

147 850 180 932 ἦν
194 861 268 927 δόλος
282 859 423 939 Ἀτρείδαις
436 863 583 944 έσθλότερος
596 865 726 942 πολέμου.

253 1075 255 1079 ,
358 1017 419 1066 157.
439 1019 643 1067 insanorum.

102 1143 154 1209 Τίς
167 1141 225 1204 θεὸν
237 1134 309 1202 εἶπεν
321 1140 445 1223 Ἔρωτα;
458 1150 517 1204 θεοῦ
530 1146 609 1205 κακὸν
625 1147 695 1206 οὐδέν
709 1151 808 1227 ὁρῶμεν

144 1231 228 1312 ίργον·
241 1233 289 1292 ὁδ’
299 1234 443 1312 ἀνθρώπων
458 1233 550 1311 αἵματι
565 1237 685 1311 μειδιάει.

102 1321 145 1381 Οὔ
156 1319 216 1378 θοόν
226 1323 255 1378 ἰν
266 1321 404 1398 παλάμαις
416 1322 523 1402 κατέχει
534 1324 620 1404 Είροςς
631 1326 697 1398 ι’γνίθ1
709 1326 808 1385 ἄπιστα

142 1411 191 1480 τῆς
202 1411 357 1487 θιιοδμήτου
370 1413 454 1470 σκῦλα
468 1413 627 1490 μιαιφονίης.

140 1584 263 1663 ποίνιμος
277 1585 390 1645 ἔκτεινεν
405 1591 478 1666 φῶτα
494 1590 652 1660 λιθοιιτονίη.

100 1672 156 1734 Καὶ
170 1677 247 1732 ταῦτ’
258 1673 312 1734 οὔτ’
327 1673 430 1747 Ἄϊδος,
444 1678 498 1734 οὔτ’
510 1675 615 1756 Ἄρεος,
629 1678 693 1758 ἔργα
706 1679 729 1736 δ’
743 1677 861 1758 Ἔρωτος

140 1761 298 1839 λεύσσομεν,
310 1753 347 1830 οἷς
361 1765 448 1831 παίζει
462 1772 544 1830 κεῖνος
558 1769 572 1823 θ
587 1765 724 1843 νηπίαχος.

357 1905 417 1956 158.
438 1909 637 1956 ΛΔΕΣΠΟΤΟΝ.

97 2029 135 2091 Al
150 2027 259 2107 τρισσαί
274 2051 338 2088 ποτε
352 2029 444 2095 παῖδες
461 2032 487 2088 έν
501 2030 655 2103 ἀλλήλαισιν
671 2031 776 2101 ἔπαιζον

138 2119 248 2196 κλήρῳ,
265 2116 303 2184 τίς
317 2117 431 2196 προτέρη
447 2116 556 2195 βήσεται
571 2120 606 2185 εἰς
621 2113 714 2192 ἀίδην·

96 2202 145 2265 καλ
154 2204 211 2282 τρίς
226 2203 275 2281 μέν
287 2210 384 2284 χειρῶν
398 2204 493 2265 ἔόαλον
507 2205 599 2277 κόόον,
616 2199 679 2278 ἦλθε
691 2207 718 2266 δὲ
734 2212 825 2268 πασῶν

139 2295 166 2358 ές
177 2293 255 2369 μίαν·
267 2297 285 2364 ἡ
299 2295 321 2352 δ’
336 2293 415 2370 ἐγέλα
429 2295 526 2372 κλῆρον
537 2294 713 2376 ὀφειλόμενον.

97 2377 150 2442 ’Ex
163 2381 253 2457 τέγεος
264 2381 317 2460 γὰρ
338 2381 450 2440 ἄελπτον
465 2381 548 2440 ἔπειτ’
559 2381 653 2442 ὤλισθε
667 2383 775 2462 πέσημα

139 2467 279 2546 δύσμορος,
296 2471 321 2536 ές
334 2469 356 2526 δ’
370 2466 445 2540 ἀίδην
457 2468 561 2540 ἤλυθεν,
573 2474 608 2535 ὧς
617 2469 721 2548 ἔλαχεν.

95 2553 223 2636 Ἀψευδὴς
236 2559 251 2615 ὁ
264 2557 374 2636 κλῆρος,
387 2555 438 2636 ότῳ
452 2556 541 2616 κακόν·
557 2559 582 2622 ἐς
595 2556 662 2616 δὲτὸ
678 2559 748 2636 λῷον

137 2641 192 2704 οὔτ’
206 2643 285 2722 εὐχαὶ
300 2648 402 2716 θνητοῖς
419 2643 556 2724 εὔστοχοι,
572 2644 630 2703 οὔτε
641 2645 726 2724 χέρες.

249 2856 252 2864 ,
352 2786 415 2838 159.
435 2790 635 2836 lidEleO'iOb'.

98 2909 214 2990 Κρανίον
228 2912 257 2968 ἐν
270 2909 394 2990 τριόδοισι
410 2910 600 2989 κατοιχομένου
617 2935 656 2979 τις
670 2912 784 2990 ίσαθρῶν

135 2995 224 3055 εἰκόνα
238 2994 287 3063 τὴν
301 2993 389 3064 κοινὴν
403 2997 450 3054 οὐκ
462 2995 589 3075 ἐδάκρυσε
606 2997 677 3076 βίον·

94 3081 225 3164 δεξιτερὴν
241 3085 264 3142 δ’
277 3083 381 3165 ἔρριψεν
397 3083 440 3142 ἐπὶ
455 3085 548 3162 χθόνα,
565 3084 609 3142 καὶ
626 3083 698 3142 λίθον
710 3077 783 3158 ἧκεν,

133 3169 222 3249 κωφὸν
238 3169 288 3248 μέν
303 3170 427 3240 δοκέοντ’,
443 3169 512 3228 ἀλλὰ
525 3168 637 3229 πνέοντα
651 3171 735 3244 δίκης.

91 3255 205 3318 Ὀστέον
222 3262 258 3324 ὡς
269 3257 320 3337 γθρ
335 3257 455 3330 ἔπληξεν,
471 3259 607 3340 cipiliaco,
619 3257 664 3316 καί
676 3260 720 3316 τὸν
735 3257 833 3339 ἀφέντα

132 3347 270 3426 πήρωσεν,
285 3351 413 3424 γλυκεροῦ
428 3345 579 3424 βλέμματος
592 3345 742 3426 όρρανίσας.

94 3434 151 3494 Καὶ
162 3433 245 3493 πόλιν
259 3436 296 3500 είς
307 3431 384 3503 οίίδην
398 3433 551 3506 ίκολοίζετο,
564 3433 613 3506 τὴν
629 3433 695 3505 ἰδίην
710 3432 736 3491 δὲ

133 3521 263 3581 ἔκλαυσεν
275 3525 372 3601 χειρῶν
390 3521 514 3599 εὔστοχον
530 3521 689 3600 ἅρροσύνην.

127 3690 260 3754 Armigerre
271 3688 355 3739 loetnm
367 3703 439 3738 cerne
450 3688 537 3754 quietis
549 3703 647 3757 eannn.

94 3775 217 3824 inventrix
233 3773 314 3839 operis
325 3772 417 3832 Pallas,
430 3771 560 3822 talaricator
572 3775 649 3837 Epens
663 3789 670 3822 ε

126 3862 156 3907 In
168 3865 238 3921 tergo
250 3853 349 3903 rebitur
361 3853 454 3904 Gracia
468 3861 519 3902 tota
533 3870 595 3904 nico.

95 3939 200 4005 Regibus
219 3937 313 3988 Atridis
326 3937 407 4004 potior
418 3937 437 3986 si
449 3940 529 3987 Marte
544 3937 649 4003 professo

126 4025 170 4072 sn
183 4021 271 4082 doleas,
285 4019 403 4082 incassum
417 4028 453 4068 tot
467 4018 562 4084 periere
575 4019 630 4068 riri.

965 514 1133 565 bene-ennato
1143 518 1282 566 Danaorum
1297 517 1385 566 lotum
1399 517 1501 568 silendo.

933 602 1070 653 Fabresaoit
1080 603 1180 665 quidem
1193 606 1283 667 Epeos,
1293 605 1373 655 Pallas
1382 619 1442 657 nero
1451 607 1587 669 praescribit

965 702 1028 752 opus
1040 710 1048 739 ι
1062 694 1087 741 et
1098 692 1144 741 snb
1155 691 1228 742 dorso
1241 696 1299 756 οιμιι·
1307 694 1388 743 Hellas
1397 697 1447 744 tota
1459 695 1589 744 accondit.

934 779 996 827 Sane
1005 777 1080 842 igitur
1088 778 1179 830 trustra
1187 781 1310 843 perierunt
1318 783 1402 830 tantus
1409 782 1539 845 exercilus,
1551 781 1572 834 si
1581 782 1612 833 ad
1624 783 1713 835 belum
1789 800 1791 811 ·

965 865 1013 915 luit
1021 865 1093 921 dolus
1102 868 1192 918 Atridis
1202 868 1288 918 melior
1297 871 1385 932 pugna.

1212 1045 1264 1090 157-
1287 1047 1439 1088 ΔΝϋΝἵΜΙ.

933 1161 994 1220 Quis
1007 1162 1081 1212 deum
1093 1162 1153 1214 diait
1164 1167 1293 1232 Amorem?
1305 1164 1346 1215 dei
1358 1167 1451 1216 malum
1463 1167 1556 1218 nnllnm
1570 1167 1682 1220 ridemus

964 1263 1042 1314 opus;
1056 1250 1098 1301 bic
1111 1255 1193 1302 autem
1206 1251 1333 1303 bominum
1346 1255 1458 1318 sanguini
1470 1255 1555 1317 effuso
1565 1256 1663 1307 arridet.

932 1337 1016 1386 Nonne
1030 1337 1152 1388 furentem
1165 1338 1190 1387 in
1202 1339 1289 1402 palmis
1298 1344 1366 1391 tenet
1378 1346 1479 1392 ensem?
1494 1355 1551 1394 ecee
1564 1342 1712 1394 incredibilia

963 1421 1152 1476 adeo-structae
1166 1426 1243 1490 spolia
1254 1427 1337 1478 crudis.

931 1513 1011 1561 ltiater
1019 1512 1119 1575 quidem
1132 1527 1189 1563 cnm
1197 1528 1275 1578 puero
1287 1515 1375 1579 periit:
1391 1517 1435 1568 sed
1445 1531 1519 1582 snper
1529 1517 1559 1572 iis

968 1598 1058 1650 vindex
1072 1601 1195 1651 interemit
1207 1601 1289 1652 rirnm
1301 1601 1425 1665 lapidatio.

931 1687 963 1736 m
972 1684 1027 1736 baec
1037 1699 1082 1736 noc
1093 1686 1218 1749 Plutonis,
1231 1701 1276 1738 nec
1290 1689 1384 1750 Martis,
1400 1687 1443 1738 sed
1456 1701 1529 1752 opera
1540 1688 1635 1740 Arboris

962 1772 1082 1835 ridemus,
1095 1773 1184 1837 quibus
1195 1775 1259 1826 ludit
1270 1775 1310 1826 iile
1321 1775 1409 1828 inians.

1209 1922 1261 1969 158.
1283 1929 1436 1972 anonam.

930 2056 976 2104 liae
988 2056 1064 2106 ternae
1077 2056 1135 2106 olim
1149 2057 1239 2120 pnellae
1252 2058 1315 2108 inter
1326 2071 1353 2108 se
1364 2057 1482 2108 ludebant

960 2146 1039 2206 sorte,
1050 2157 1106 2208 qnae
1117 2145 1183 2209 prior
1194 2145 1383 2198 descensura-sit
1396 2148 1422 2198 in
1434 2158 1520 2196 orcum
1536 2165 1542 2194 ι

928 2233 955 2282 et
966 2235 1004 2282 ter
1018 2232 1119 2297 quidem
1131 2235 1388 2298 e-manibuejeceruut
1398 2235 1485 2296 talum,
1497 2235 1564 2284 verrit
1575 2233 1659 2284 antem
1668 2231 1710 2282 bic

960 2321 985 2369 in
996 2334 1083 2380 unam3
1095 2325 1120 2372 al
1129 2323 1183 2373 haec
1189 2323 1285 2374 ridebat
1294 2325 1386 2374 sortem
1396 2321 1512 2372 debitam.
1543 2322 1584 2386 [err
1596 2320 1711 2372 omnibus

928 2409 1043 2458 Detecto
1058 2409 1123 2460 enim
1139 2403 1262 2474 insperato
1274 2409 1361 2462 deinde
1370 2409 1538 2474 ceciditlapsu

960 2494 1056 2558 tutelis,
1069 2501 1095 2549 et
1108 2498 1230 2548 inorcum
1239 2498 1292 2560 trit,
1305 2498 1378 2551 sicuti
1387 2497 1546 2549 erat-sortita.

927 2578 1709 2649 ltonmendaxeslsorsillianimala-portenditmdburareru
1803 2585 1804 2593 ’

860 2733 864 2740 ¹
958 2685 1004 2722 nee
1014 2687 1099 2737 preces
1111 2674 1256 2725 mortalibus
1268 2675 1388 2736 efficaces,
1398 2688 1478 2738 neque
1487 2688 1582 2724 manus.

1199 2806 1251 2852 159.
1274 2805 1434 2847 obodriti.

927 2917 1043 2967 Granium
1052 2917 1077 2967 in
1087 2916 1165 2968 triviis
1174 2915 1285 2967 exstincti
1294 2916 1415 2980 quispiam
1425 2929 1526 2967 comens

957 3004 1087 3068 imaginem
1096 3017 1252 3060 communem
1263 3018 1311 3054 non
1321 3003 1390 3056 ilenit
1398 3003 1469 3062 ritae3

926 3091 971 3142 sed
980 3089 1090 3142 dextram
1100 3090 1202 3154 projecit
1212 3089 1244 3140 ad
1256 3093 1356 3152 terram,
1367 3093 1393 3140 et
1404 3089 1509 3152 lapidem
1523 3087 1597 3148 misit,

956 3182 1041 3229 mutus
1048 3177 1235 3243 qui-ridebatur
1242 3177 1350 3240 quidem,
1362 3177 1405 3228 sed
1414 3177 1520 3241 spirabat
1528 3175 1671 3228 uindictam.

926 3268 961 3315 0s
972 3266 1037 3316 enim
1049 3267 1078 3316 ut
1090 3265 1164 3324 ibriit,
1174 3264 1267 3316 resiluit
1276 3267 1301 3315 et
1309 3279 1366 3314 cum
1377 3265 1530 3328 qni-miserat

955 3354 1098 3417 οοσιοοονίί,
1109 3351 1175 3403 dulci
1186 3352 1279 3402 lumine
1288 3352 1385 3402 orbans.

925 3442 1073 3493 Erucium
1085 3443 1111 3492 in
1122 3455 1302 3504 orcum-usqne
1314 3440 1490 3505 peenas-dabat,
1501 3444 1673 3507 propriamque

953 3525 1054 3581 dederit
1063 3543 1182 3580 manuum
1192 3529 1423 3593 perite-jaculantem
1436 3529 1591 3582 dementiam.

957 3692 1018 3753 Qnoe
1030 3699 1122 3756 peteret
1135 3689 1220 3755 stygias
1234 3689 1318 3738 ordine
1329 3689 1408 3756 prima
1420 3689 1511 3739 domos.

924 3777 1022 3824 Tessera
1034 3784 1071 3823 ter
1081 3774 1146 3839 jacta
1157 3782 1205 3835 est,
1218 3773 1346 3823 damnatur
1359 3773 1389 3821 de
1401 3773 1479 3822 tribus
1491 3788 1553 3836 una,

956 3861 987 3906 Et
1001 3857 1078 3920 ridet,
1090 3857 1161 3906 ranas
1174 3858 1230 3906 duur
1242 3867 1311 3922 puniat
1321 3873 1371 3906 esse
1385 3858 1471 3907 urinas.

923 3944 998 4006 Lapsa
1011 3941 1053 3990 sed
1064 3939 1149 3990 infelix
1163 3941 1213 3990 alto
1223 3937 1372 3991 otcuimine
1386 3940 1443 3991 te'cti

956 4023 995 4073 Ad
1007 4032 1089 4089 styga,
1102 4039 1153 4072 sors
1165 4024 1239 4073 reluti
1251 4023 1409 4088 significarat,
1423 4022 1488 4072 abit.

826 4173 827 4177 Ἰ
922 4105 1034 4154 veridica
1049 4114 1100 4167 est,
1112 4105 1206 4171 quoties
1223 4114 1293 4154 nocet
1307 4106 1360 4154 alea
1377 4121 1383 4156 :
1398 4120 1513 4172 prospera
1528 4104 1597 4153 nobis

399 4167 455 4227 155.
475 4179 587 4232 rucanas.

97 4301 146 4351 liar
156 4303 222 4349 Deus
233 4306 298 4346 esset
309 4299 405 4346 Amor?
416 4311 461 4344 nec
474 4295 539 4344 enim
553 4294 678 4344 malefacta
690 4298 796 4345 Deorum

127 4383 260 4444 Nurimum
276 4379 384 4430 humano
394 4379 509 4444 sangnine
522 4379 607 4443 gaudet
619 4384 706 4432 Amor.

96 4469 153 4520 lton
162 4475 253 4517 umato
268 4463 367 4530 quidem
381 4461 460 4528 gladio
472 4478 555 4511 manus
571 4477 577 4512 ι
591 4470 615 4510 et
631 4471 709 4511 tamen
719 4499 727 4525 ,
738 4477 812 4525 ecce,

128 4553 188 4615 Qum
201 4549 268 4598 dedit
282 4545 382 4596 immani
395 4544 479 4594 lunera
493 4544 596 4594 saevitia!

98 4631 185 4684 Stratus
198 4632 264 4682 euim
278 4644 334 4679 cum
345 4636 423 4677 matre
434 4642 494 4693 puer
505 4627 578 4690 jacet,
595 4635 619 4675 et
632 4641 704 4693 super
717 4625 779 4693 ipsos

129 4715 174 4765 rir
185 4714 251 4764 stris
270 4712 379 4778 lapidum
389 4709 493 4775 jactibus
507 4707 610 4758 interiit.

100 4799 152 4849 lton
165 4813 224 4862 opus
237 4794 284 4845 hoc
295 4791 383 4842 Martis
394 4792 503 4850 Ditisre,
515 4790 638 4856 Cupidinis
653 4805 724 4839 omae
738 4799 772 4839 est
786 4804 793 4840 ι

132 4879 224 4930 Gemite
236 4893 285 4944 qno
301 4876 355 4925 lusu
369 4872 469 4938 gaudeat
481 4872 522 4921 ille
535 4888 603 4936 puer.

399 5029 453 5078 15⁸.
470 5042 579 5075 ruerunt.

107 5169 286 5237 &partiebantur
299 5177 387 5217 tenerae
402 5174 449 5215 tres
462 5173 526 5214 sorte
539 5162 639 5230 puella.

956 4193 989 4238 Ut
1001 4189 1049 4238 sint
1060 4188 1123 4249 lata,
1134 4187 1196 4238 nihil
1209 4197 1265 4237 rota
1277 4203 1391 4237 manusve
1400 4187 1495 4253 jurant.

1219 4319 1274 4380 159.
1292 4332 1405 4367 iactari.

922 4443 1025 4494 Viderat
1038 4444 1064 4493 in
1079 4444 1150 4494 trinio
1165 4445 1256 4494 cairam
1271 4443 1312 4509 qni
1326 4443 1387 4493 torte
1398 4443 1535 4508 jacentem,

953 4525 1044 4576 Debuit
1054 4523 1183 4576 humanum
1201 4525 1242 4590 qni
1255 4525 1386 4591 lacrymare
1397 4525 1488 4583 ricem,

921 4612 950 4657 ln
962 4608 1069 4659 dextram
1084 4609 1184 4675 projecit
1198 4607 1314 4668 humum,
1328 4623 1432 4673 maroque
1444 4606 1528 4674 petiuit
1544 4623 1550 4656 :

954 4693 1024 4741 Muta
1037 4690 1082 4741 luit
1098 4691 1185 4740 vindex
1201 4701 1307 4741 attamen
1320 4689 1425 4751 illustri,

921 4776 1020 4837 Ictaque
1033 4773 1150 4822 dissiliens
1161 4772 1223 4822 oculi
1240 4789 1266 4822 se
1282 4771 1358 4821 mittit
1374 4771 1399 4820 in
1416 4770 1513 4830 orbem,

954 4861 985 4907 Et
996 4857 1054 4906 lacit
1065 4855 1129 4906 launo
1141 4855 1200 4906 lucis
1212 4857 1289 4906 tristia
1304 4856 1390 4905 danrna
1406 4855 1457 4920 pati
1473 4870 1481 4905 :

921 4938 1063 5004 imprudens
1074 4937 1174 4988 lresresic
1185 4937 1227 4988 ille
1240 4937 1353 4987 satisfacit
1366 4936 1467 4998 umbrae,

953 5024 1060 5087 Tumque
1074 5037 1127 5071 suas
1139 5029 1231 5072 recnnu
1244 5019 1284 5070 θοι
1298 5019 1389 5070 ίοιίίιοε
1403 5035 1495 5068 manus.
