3734 5920
246 407 306 470 288

281 539 389 609 θήλειαν
401 539 484 598 τίκτει
499 539 570 598 παῖδ’
586 540 638 598 ἀπὸ
652 541 831 617 ταύτομάτου.

241 628 296 686 Τοῦ
312 628 335 685 δ’
349 627 393 686 ε’πὶ
409 628 500 705 θηλείη
517 629 701 706 λυπουμένου,
716 629 743 697 ἓξ
759 628 887 688 διαλείπει

281 715 388 792 ἤματα,
402 716 447 774 καί
460 717 557 774 τίκτειν
577 717 675 795 όίρσενα
691 719 764 775 παῖδ’
781 715 873 798 ἔφατο.

244 803 336 870 Οὕτως
351 803 498 870 Βούθαστις
512 803 689 864 καταλύεται·
705 807 728 862 εἰ
743 805 794 882 γάρ
808 805 907 877 ἑκάστη

281 891 383 960 τέξεται
398 896 433 958 ὡς
449 891 527 966 αὐτὴ,
543 891 582 960 τίς
597 897 655 952 θεοῦ
673 896 728 952 ἔστι
743 895 833 970 λόγος

354 985 380 1006 d

480 1043 525 1095 19.
552 1035 791 1094 Eremmon.

243 1167 296 1224 Καὶ
308 1165 353 1222 πίε
367 1172 410 1224 νῦν
427 1167 472 1224 καὶ
487 1164 553 1242 ἔρα,
569 1165 751 1246 Δαμόκρατες·
766 1167 795 1225 οὗ
808 1166 858 1246 γὰρ
873 1168 897 1233 ἐς
916 1167 967 1224 αἰεὶ

280 1253 397 1330 adpre,
409 1252 463 1311 οὐδ’
479 1256 530 1313 αἰεὶ
544 1255 622 1314 παισὶ
638 1255 826 1330 συνεσσόμεθα.

242 1342 296 1402 Καὶ
310 1343 447 1422 στεφάνοις
459 1343 575 1422 κεραλδς
589 1341 786 1417 πυκασώμεθα,
804 1342 849 1400 καὶ
865 1343 1015 1420 μυρίσωμεν

282 1429 392 1502 αὓτοθς,
406 1431 469 1510 πρὶν
483 1430 592 1507 τύμόοις
608 1437 691 1489 ταῦτα
704 1432 789 1510 ρίρειν
804 1429 914 1509 ἑτέρους.

240 1523 295 1579 Νῦν
307 1521 333 1577 ἐν
347 1520 405 1594 ἐμοὶ
419 1519 502 1579 πιίτω
518 1517 583 1596 με’θυ
592 1519 621 1578 τό
635 1519 714 1578 πλέον
725 1520 803 1579 όστία
817 1521 904 1596 τάμά·

278 1605 358 1686 νεκρόν
373 1606 400 1665 δὲ
413 1608 564 1667 Δευκαλίων
579 1607 646 1667 adria
663 1606 865 1667 κατακλυσάτω.

290 1759 339 1811 20.
363 1751 615 1811 ΑΝΤΙῙΙΑἸῬΟΥ
636 1751 976 1834 ΘΕΣΣΑΛΟΝΙΚΕΩΣ.

240 1881 354 1960 Φεθγεθ
370 1881 426 1941 θσοι
440 1883 537 1951 λόκκας
551 1883 568 1954 ἢ
583 1885 705 1964 λορνίδας
720 1882 737 1952 ἢ
750 1888 908 1958 καμασῆνας

281 1970 372 2051 ᾄδετε,
388 1975 506 2042 ποιητῶν
521 1975 600 2047 φῦλον
615 1972 815 2048 ἀκανθαλόγων,

241 2059 265 2118 τί
277 2061 300 2116 τ’
317 2060 401 2118 ἐπέων
416 2062 515 2132 κόσμον
527 2061 713 2136 λελυγισμίνον
727 2059 906 2133 ἀσκήσαντες,

279 2150 378 2225 κρήνης
392 2147 418 2217 ἐξ
433 2151 504 2226 ίερῆς
519 2149 607 2206 πίνετε
622 2149 692 2206 λιτὸν
708 2147 786 2226 ῦδωρ.

241 2237 364 2318 Σήμερον
380 2236 546 2317 Ἀρχιλόχοιο
559 2237 603 2295 καὶ
619 2237 724 2314 ἄρσενος
736 2228 810 2316 ἦμαρ
825 2236 946 2316 Ὁμήρου

280 2327 459 2396 actitamus
475 2321 575 2404 κρητὴρ
590 2325 619 2381 οὔ
634 2324 717 2403 tipo·
729 2323 885 2403 ὑδροπότας.

481 2477 529 2526 21.
553 2467 602 2525 ΣΤ
606 2465 794 2525 ΡΑΤΩΝΟΣ.

242 2605 340 2685 Πρῴην
352 2605 400 2676 τὴν
415 2604 516 2684 σαύραν
532 2604 648 2682 Ἀγάθων
664 2605 851 2685 ῥοδοδάκτυλον
867 2594 946 2684 εἶχεν·

279 2701 323 2753 νῦν
339 2695 360 2752 δ’
377 2693 458 2764 αὐτὴν
473 2693 523 2764 ἤδη
541 2693 585 2752 καὶ
601 2695 751 2771 ῥοδόπηχυν
766 2692 832 2771 ἔχει.

509 2833 552 2883 22.
575 2836 634 2879 'rot'
654 2835 759 2882 ᾸΥΓΟΥ.

239 2950 320 3013 Ἐστι
327 2953 439 3031 Δράκων
447 2975 485 3018 τις
495 2950 599 3032 ἔρηῦος,
608 2950 675 3028 ἄγαν
682 2951 772 3019 καλός·
781 2951 857 3023 ἀλλὰ,
869 2953 973 3029 δράκων
981 2954 1027 3012 ὧν.

280 3044 336 3108 πῶς
350 3043 385 3107 εἰς
399 3039 447 3111 τὴν
463 3039 584 3120 τρώγλην
599 3039 678 3098 ἄλλον
692 3039 750 3120 ὄφιν
763 3039 886 3120 δι’-ρεταινς

469 3191 518 3247 23.
543 3183 805 3244 AN'l‘lilATPot'.

242 3323 392 3403 Ὠκύμορόν
406 3347 438 3400 με
453 3323 559 3400 λέγουσι
574 3321 704 3396 δαήμονες
718 3323 806 3401 ἀνέρες
821 3323 934 3400 ἄστρων·

281 3412 335 3488 εἰμὶ
350 3410 410 3486 μὲν,
427 3413 484 3468 ἀλλ’
502 3410 531 3468 οὔ
546 3433 591 3487 μοι
604 3415 696 3482 τοῦτο,
710 3410 843 3486 Σέλευκε,
861 3412 944 3486 μέλει.

244 3503 289 3565 Εἰς
304 3497 380 3570 ἀίδην
393 3498 441 3574 μία
456 3508 524 3557 πᾶσι
537 3496 704 3565 καταίὸασις·
717 3503 740 3556 εἷ
754 3499 781 3556 δὲ
797 3499 895 3579 ταχίων

281 3587 413 3666 ἡμετέρη,
430 3588 506 3647 Μίνω
521 3592 618 3646 θᾶσσον
633 3585 796 3666 ἐποψόμεθα.

245 3674 376 3748 ΙΙίνωμεν·
390 3675 434 3732 καί
449 3673 480 3744 δὴ
494 3674 546 3754 γὰρ
562 3673 703 3748 ἐτήτυμον,
721 3676 757 3740 εἷς
770 3675 829 3734 θδόν
841 3673 920 3741 ίππυς

283 3755 365 3833 οἶνος,
382 3763 438 3821 ἐπεὶ
450 3765 536 3830 πεζοῖς
552 3763 669 3840 ἀτραπός
682 3763 717 3827 τίς
731 3761 817 3832 ἀΐδην.

276 3932 410 3980 Femineam
423 3933 513 3997 prolem
526 3940 612 3996 sponte
621 3930 674 3978 siue
683 3941 735 3979 arte
747 3931 827 3981 dedit.

242 4015 354 4065 ottensus
365 4031 421 4064 sexu
432 4025 500 4080 pater
509 4025 545 4064 est
554 4032 563 4075 ;
573 4013 619 4063 hoc
629 4013 700 4075 vidit,
718 4015 799 4081 aitque

275 4102 332 4147 Post
342 4114 383 4146 sex
396 4097 436 4146 illa
449 4096 498 4146 dics
509 4113 534 4146 se
544 4096 665 4162 peperisse
676 4113 781 4146 marem.

244 4181 338 4230 Lucinae
351 4180 413 4247 perit
425 4178 503 4228 omnis
512 4177 590 4229 bonos
602 4194 608 4228 :
620 4179 639 4228 si
655 4178 772 4230 matribus
782 4195 832 4229 esse

278 4265 317 4313 Sic
331 4263 402 4324 licet,
416 4261 441 4310 in
454 4261 515 4310 diris
530 4261 571 4311 illa
585 4277 734 4328 supervacua
747 4272 792 4313 est.

541 4389 579 4435 19.
594 4388 739 4422 sraamnrs.

243 4481 330 4531 Pocula
346 4497 394 4530 non
401 4497 506 4547 semper,
516 4496 595 4546 neque
604 4497 646 4530 nos
661 4491 750 4530 aeterua
761 4492 892 4548 sequemur

276 4562 368 4612 Gaudia
384 4579 392 4612 ι
407 4578 471 4611 nunc
482 4561 573 4625 gaude,
584 4577 649 4612 nuuc
662 4562 735 4620 bibe,
747 4567 911 4614 Democrates.

243 4646 309 4711 Quin
322 4646 395 4712 capiti
410 4645 481 4694 llores
492 4646 577 4694 damus
591 4656 615 4695 et
629 4663 672 4695 nos
684 4647 825 4710 unguimus,
839 4657 896 4697 aute

276 4734 355 4796 Quam
368 4729 439 4778 iaciat
451 4730 549 4779 tuumlis
561 4729 609 4779 hoc
623 4731 701 4779 alicua
716 4747 811 4782 uranus.

245 4817 303 4862 Ossa
314 4827 408 4861 merum
419 4820 504 4876 potent
516 4829 610 4861 mecum
623 4829 677 4862 mea
689 4830 695 4862 z
710 4813 752 4861 sed
763 4813 833 4862 simrrl
849 4830 877 4863 uc
886 4814 932 4862 sint

278 4900 374 4946 blortua
384 4932 392 4957 ,
403 4895 546 4962 perfundat,
557 4912 606 4944 non
622 4907 690 4958 reto,
707 4897 847 4947 Deucalion.

409 5040 449 5072 20.
469 5040 604 5072 astiterat
622 5041 862 5074 Tusssauorttcermls.

248 5145 296 5210 Qui
310 5143 395 5196 cauitis
406 5152 499 5208 topper,
510 5145 659 5209 (pulberem,
671 5147 761 5214 quique
774 5165 882 5208 corusce,

281 5233 353 5278 Vates
361 5225 471 5293 impliciti
482 5229 604 5290 sentibus,
617 5231 650 5280 ilc
664 5231 758 5297 procul,

809 365 1064 474 ANTHOLOGOE
1088 415 1289 475 PALA'I'INAE

1103 552 1178 604 tiliam
1191 554 1286 620 peperit
1300 558 1386 619 sponte
1398 555 1509 606 fortuito.

1074 643 1125 690 lloc
1134 645 1218 692 autem
1229 641 1261 692 de
1275 641 1324 692 lilia
1334 643 1493 705 contristato,
1506 658 1550 695 sex
1563 645 1688 712 interponit

1103 728 1171 791 dies,
1188 731 1282 781 eteuiti
1294 745 1321 782 se
1335 732 1413 782 lilium
1427 747 1531 796 puerum
1543 735 1615 786 dixit,

1071 817 1110 866 Sic
1120 818 1234 868 Bubastis
1245 821 1493 871 amouere-solvitur
1510 842 1516 871 ι
1530 822 1550 871 si
1563 823 1627 873 σιτίου
1639 837 1733 890 queque

1101 904 1181 966 pariet
1191 908 1220 954 ut
1228 905 1283 966 illa,
1297 905 1354 968 quis
1363 904 1416 957 dee
1433 907 1482 958 erit
1492 912 1636 972 respectus?

1348 1055 1385 1101 19.
1403 1052 1582 1102 stuttosts

1072 1192 1101 1239 ut
1113 1193 1171 1254 pota
1180 1204 1258 1252 nunc,
1266 1193 1293 1241 et
1303 1204 1371 1251 ama,
1386 1194 1545 1243 Democrates
1556 1211 1563 1242 ι
1574 1207 1622 1244 nou
1632 1196 1693 1246 enim
1703 1211 1765 1262 usque

1102 1276 1253 1340 potabimus,
1268 1291 1347 1340 neque
1360 1292 1440 1342 usque
1452 1282 1608 1344 cum-pueris
1620 1282 1713 1332 erimus.

1071 1369 1102 1415 ut
1114 1365 1210 1416 coronis
1220 1365 1301 1430 capita
1315 1366 1465 1430 vinciamus,
1481 1373 1639 1433 elongamus

1102 1457 1210 1515 nosmet,
1224 1459 1356 1518 autequam
1368 1455 1472 1506 tumulis
1484 1457 1538 1506 hece
1552 1458 1630 1507 terant
1641 1459 1688 1509 alii

1070 1545 1140 1592 Nunc
1153 1543 1179 1592 iu
1191 1556 1230 1592 me
1245 1547 1347 1594 vivente
1356 1544 1442 1594 bibant
1452 1545 1538 1595 riuum
1551 1546 1634 1609 potius
1647 1560 1701 1596 ossa
1712 1561 1769 1606 ωας

1103 1633 1200 1680 mortua
1214 1645 1274 1682 rero
1288 1631 1422 1682 Deucalion
1433 1633 1475 1682 illa
1487 1631 1614 1683 inundato.

1187 1780 1224 1824 20.
1243 1776 1411 1826 suttrs'rltl
1425 1777 1726 1828 THESSALONICENSIS.

1071 1907 1156 1970 Fugite
1164 1907 1287 1970 quotquot
1299 1908 1383 1958 loccos
1393 1907 1494 1970 (calcas)
1504 1911 1548 1958 aut
1558 1907 1698 1972 laplrrar'das
1706 1911 1811 1974 (iecerint

1102 1994 1202 2058 canitis,
1212 1998 1341 2059 poetarum
1352 1995 1432 2046 tribus
1445 1996 1563 2059 sentilma
1571 1997 1811 2061 ‚[ccrrraseoos{piaca)

1071 2081 1153 2144 etqui
1165 2077 1298 2132 verborum
1311 2083 1409 2132 omatui
1426 2083 1518 2133 elumbi
1530 2082 1736 2146 operam-datiset

1103 2170 1196 2219 iontee
1210 2183 1280 2220 sacro
1292 2169 1376 2220 bibitis
1389 2173 1489 2222 tenuem
1506 2183 1605 2233 aquem.

1070 2257 1149 2307 Hodie
1162 2258 1302 2308 Archilochi
1314 2263 1340 2309 et
1349 2259 1452 2308 masculi
1466 2259 1573 2309 natalem
1584 2259 1684 2308 Homeri

1102 2345 1364 2410 libaminibussgimus
1376 2365 1381 2395 τ
1394 2351 1474 2396 crater
1484 2360 1532 2396 uon
1541 2345 1651 2397 admittit
1662 2351 1812 2410 aque-potores

1344 2494 1383 2536 tt.
1400 2489 1583 2536 st’ttston'ls.

1071 2624 1154 2685 Nuper
1165 2623 1282 2672 lacertam
1294 2621 1390 2686 Agatho
1401 2621 1643 2686 rosei-digitiparem
1658 2622 1763 2677 habebam

1102 2724 1167 2764 nuuc
1180 2715 1262 2761 aretem
1276 2725 1331 2761 eam
1340 2711 1390 2772 iam
1403 2716 1428 2760 et
1443 2709 1707 2774 rosei-brachii·pareur
1716 2709 1780 2759 babet.

1355 2842 1393 2885 22.
1418 2846 1566 2888 musonii.

1072 2961 1116 3008 Est
1128 2960 1208 3008 Draco
1222 2958 1345 3022 quispiam
1359 2957 1486 3022 ephebus.
1503 2957 1703 3021 valde-pulcbem
1719 2955 1755 3006 sed
1765 2957 1814 3004 dno

1103 3051 1145 3110 qul
1158 3047 1182 3096 iu
1195 3050 1294 3097 autrum
1304 3047 1379 3096 alium
1393 3051 1532 3110 serpentem
1545 3046 1649 3110 recipit?
1696 3045 1813 3108 [quamsit.

1351 3194 1390 3238 ts.
1408 3189 1584 3239 atttlta'rltl.

1074 3329 1221 3380 AEribreris
1234 3342 1274 3379 me
1288 3329 1371 3379 dicuat
1383 3329 1489 3380 scientes
1503 3329 1549 3379 viri
1562 3332 1698 3390 astrorum3

1103 3432 1160 3468 suro
1172 3417 1302 3482 equidem,
1315 3417 1359 3467 sed
1370 3431 1419 3466 nora
1430 3417 1491 3468 milri
1505 3418 1564 3478 boe,
1578 3419 1689 3479 seleuce,
1701 3423 1799 3468 eure-ert.

1071 3507 1099 3554 lu
1113 3509 1206 3556 Orcum
1217 3518 1281 3555 uuus
1295 3504 1391 3554 cunctis
1402 3504 1537 3555 descensus
1549 3523 1556 3553 ι
1570 3506 1591 3556 εἰ
1601 3520 1661 3556 rero
1672 3506 1736 3556 citior
1747 3508 1774 3554 est

1102 3597 1193 3654 noster,
1207 3591 1314 3643 Minoem
1326 3592 1400 3643 citius
1412 3593 1560 3644 ridebimus.

1073 3683 1202 3740 l‘otcmus·¹
1215 3695 1273 3732 uam
1285 3695 1343 3732 sane
1358 3695 1445 3732 verum
1459 3680 1521 3742 boc.
1536 3682 1562 3732 in
1575 3683 1641 3733 viam
1652 3697 1724 3746 equus
1737 3686 1767 3731 cst

1103 3769 1200 3825 sinum,
1214 3781 1290 3830 quum
1302 3768 1457 3832 pedestribus
1466 3769 1554 3818 semita
1568 3770 1644 3820 rrrodo
1660 3769 1691 3820 sit
1700 3770 1721 3818 irr
1734 3771 1806 3816 Orcum.

1075 3935 1104 3980 Et
1118 3947 1220 3995 ‹proruru
1235 3931 1300 3979 tenui
1314 3931 1401 3980 sudans
1411 3932 1436 3979 iu
1449 3932 1556 3980 curruiue
1571 3948 1630 3980 curu

1107 4015 1223 4065 Essacris
1237 4016 1298 4064 solas
1312 4014 1418 4065 lontibus
1432 4015 1515 4065 lraurit
1527 4031 1609 4080 aquas.

1074 4102 1120 4148 lstn
1133 4101 1183 4149 dies
1195 4099 1272 4164 agitur
1281 4099 1366 4150 Flacco
1378 4115 1512 4164 uraguoque
1524 4099 1621 4149 Maroni
1635 4115 1641 4149 ι

1107 4189 1162 4236 Νοο
1171 4193 1235 4234 ουτοι
1245 4184 1285 4234 bic
1296 4193 1375 4234 crater
1389 4184 1456 4250 queis
1467 4185 1532 4233 leret
1549 4185 1612 4233 unda
1627 4185 1697 4234 sitim.

1370 4334 1411 4368 22.
1426 4334 1566 4369 “aaronis

1075 4471 1114 4516 t'st
1129 4483 1189 4533 puer
1200 4465 1310 4532 inprimis
1322 4465 1424 4531 pulcher
1439 4470 1518 4515 Draco
1532 4481 1539 4514 ε
1552 4465 1593 4514 scd
1608 4465 1678 4514 draco
1694 4476 1741 4511 cum
1751 4460 1783 4518 sit,

1107 4553 1216 4612 Anguem
1228 4563 1271 4596 cur
1280 4547 1352 4597 alium
1365 4545 1463 4612 suscipit
1473 4545 1514 4595 ille
1524 4561 1584 4594 caro
1595 4549 1607 4596 Ρ

1362 4686 1402 4732 23.
1419 4699 1567 4732 arrrrnanr.

1074 4817 1162 4866 Dicunt
1174 4816 1294 4881 Astrologi
1307 4817 1442 4882 periturum
1454 4833 1493 4866 me
1506 4816 1565 4866 cito.
1578 4816 1643 4880 Quid
1653 4815 1715 4864 turn?

1108 4905 1165 4950 llaec
1176 4917 1239 4951 curre
1253 4918 1308 4968 pars
1314 4911 1349 4952 est
1363 4902 1444 4962 nulle,
1461 4902 1573 4956 Seleuce,
1588 4916 1653 4950 meae.

1075 4987 1163 5033 Omnes
1176 4984 1205 5033 ad
1219 4985 1299 5034 Ditem
1313 5001 1355 5035 sua
1367 4984 1415 5034 lert
1427 4986 1465 5034 ria
1481 5001 1487 5034 :
1500 4985 1520 5034 si
1530 4985 1578 5034 cito
1590 4994 1684 5044 nostra,

1108 5069 1267 5134 Spectandum
1280 5069 1360 5118 Minos
1371 5085 1397 5118 se
1408 5068 1475 5118 dabit
1488 5083 1544 5132 ergo
1559 5067 1615 5118 cito.

1075 5154 1186 5199 Potenrus
1200 5167 1207 5201 :
1219 5151 1280 5200 valet
1291 5151 1332 5200 hic
1343 5151 1479 5210 sententia,
1493 5149 1600 5200 llacclrus
1611 5147 1675 5198 eunti

1110 5235 1149 5280 Est
1165 5249 1254 5298 equus;
1267 5233 1296 5284 ed
1312 5237 1396 5283 Manes
1408 5249 1462 5282 uam
1475 5232 1535 5299 pede
1552 5232 1616 5282 ducit
1628 5231 1679 5279 iter.
