3734 5920
398 415 525 478 CAPUT
550 417 599 477 x1.
623 416 901 479 Epicuautmsra
924 416 1156 478 convivunt
1179 418 1227 476 ET
1247 414 1449 476 lRRlSORlA.
1663 415 1723 475 unu

112 556 164 617 Ίίν
177 555 243 617 ὀπόν
251 554 367 628 αἰτήσω,
377 554 458 614 λοπὸν
469 554 590 634 εἰσρὲρει·
603 555 647 629 ἂν,
660 555 800 635 «λάχανόν
815 581 860 636 μοι
873 584 895 616 ν.

150 647 219 705 εἴπω
235 674 247 698 ι
261 646 304 712 δός
318 673 329 696 υ
344 648 449 715 πεινῶν,
464 644 522 703 citt
535 643 606 726 φέρει
618 645 743 706 λάσανον.

107 735 190 803 'Oine
204 735 249 792 tto
265 735 341 810 αἰτῶ,
356 732 428 802 τόξον
443 732 524 814 φόρει*
539 731 570 790 ἂν
584 733 613 790 δι’
627 757 658 810 γε
670 732 755 806 τόξον,

54 849 84 888 ιο
148 823 216 892 ὄξος·
228 821 295 890 dirue
305 824 327 882 θ’
342 822 357 882 ὃ
370 821 441 900 λέγω
455 821 546 880 οὔποτ’
562 821 755 883 ἐπαισθάνεται.

109 913 232 990 Αἰσχρθν
246 916 294 982 τῆς
306 909 385 990 γραός
400 932 433 986 με
446 908 526 990 χάριν
540 909 644 989 κήρυκα
659 909 797 986 γενέσθαι,

149 1001 197 1058 καὶ
210 1003 322 1077 μελετᾶν
338 997 387 1067 ἔξω
396 1040 404 1069 ,
413 997 505 1065 νυκτὸς
517 998 689 1078 ἐγειρόμενον.

344 1149 393 1202 75.
415 1141 664 1202 ΛΟΥΚΙΛΛΙΟΥ.

106 1271 198 1347 Οὗτος
209 1284 223 1339 ὁ
234 1285 278 1338 νῦν
291 1285 406 1348 τοιοῦτος
419 1279 585 1356 Ὀλυμπικὸς
595 1271 666 1361 εἶχε,
682 1279 820 1354 Σιόαστὲ,

153 1370 212 1448 ῥῖνα
226 1414 234 1446 ,
248 1367 358 1445 γένειον,
371 1371 461 1450 θρρῶν,
477 1369 591 1448 ὠτάρια,
609 1368 737 1450 βλέφαρα·

105 1448 160 1514 εἰτ’
173 1459 394 1537 ἀπογραψάμενος
410 1457 511 1527 πύκτης
527 1458 678 1516 ἀπολώλεκε
692 1456 795 1528 πάντα,

149 1543 216 1604 ὥστ’
233 1548 263 1604 ἐκ
281 1550 332 1605 τῶν
350 1549 486 1626 πατρικῶν
501 1545 569 1622 μηδὲ
581 1545 672 1604 λαόεῖν
687 1545 718 1604 sd
732 1546 818 1625 μέρος
831 1617 835 1624 Ι

107 1634 223 1695 εἰκόνιον
236 1633 287 1714 γὰρ
302 1633 412 1714 dictet<
426 1633 494 1716 ἔχων
509 1634 682 1714 προενήνοχιν
698 1638 792 1706 αὐτοῦ,

150 1724 200 1784 καί
214 1725 312 1804 κέκριτ’
325 1722 474 1803 ἀλλότριος,
488 1721 570 1800 μηδὲν
587 1723 676 1799 όμοιον
689 1723 767 1802 ἔχων.

381 1871 426 1920 ἸΟ.
446 1872 506 1916 ΤΟΥ
524 1872 631 1920 ΑΥΤΟΥ.

105 1999 228 2079 Ῥύγχος
241 2000 308 2079 ἔχων
323 2003 456 2067 τοιοῦτον,
471 1993 634 2072 Ὀλυμπικὲ,
649 1995 712 2072 μήτ’
728 1994 772 2054 ἐπὶ
787 1995 885 2076 κρήνην

151 2087 246 2166 ἔλθῃς,
259 2086 321 2165 μήτ’
336 2087 412 2165 ἰνόρα
430 2084 495 2165 πρός
507 2108 533 2143 τι
545 2083 647 2161 διαυγὲς
660 2083 740 2162 ὕδωρ.

106 2175 169 2236 Καὶ
186 2175 218 2233 σὺ
230 2174 291 2254 γὰρ,
300 2178 336 2243 ὡς
347 2175 506 2255 Νάρκισσος,
517 2170 579 2232 ἰδὼν
590 2172 621 2231 τό
633 2172 774 2253 πρόσωπον
784 2172 899 2253 ἐναργὲς,

150 2261 286 2341 τεθνήξῃ,
301 2265 386 2338 μισῶν
401 2260 495 2320 σαυτὸν
511 2259 561 2328 ἕως
575 2261 697 2322 θανάτου.

380 2415 425 2464 77.
447 2416 507 2461 ΤΟΥ
526 2415 634 2464 ΑΥΤΟΥ.

104 2541 272 2608 Εἰκοσέτους
286 2543 412 2607 σωθέντος
425 2540 569 2610 Ὀδυσσέος
584 2546 620 2610 εἰς
634 2543 667 2600 τὰ
681 2545 793 2621 πατρῷα

151 2631 223 2708 ἔγνον
235 2632 285 2702 τήν
297 2629 399 2711 μορφήν
413 2625 507 2709 Ἄργος
518 2629 581 2687 ἰδὼν
594 2628 698 2688 όκόοιν·

105 2718 183 2778 ἀλλὰ
197 2717 230 2775 cir
243 2718 406 2790 πυκτεύσας,
422 2719 594 2798 Στρατορῶν,
612 2718 655 2775 tet
669 2716 798 2795 τέσσαρας
813 2713 898 2795 ὥρας,

152 2809 185 2866 οὗ
201 2806 277 2864 κυσὶν
292 2807 440 2886 ἄγνωστος,
458 2810 491 2884 τῇ
506 2804 534 2864 δὲ
548 2804 624 2865 πόλει
636 2804 756 2883 γέγονας.

106 2894 167 2956 Ἦν
179 2895 268 2975 ἐθέλῃς
281 2894 312 2951 τὸ
326 2893 466 2972 πρόσωπον
482 2895 544 2952 ἰδεῖν
559 2896 585 2960 ie
603 2891 730 2972 ἰσοπτρον
747 2896 859 2964 ἑαυτοῦ,

153 3009 168 3034 ι
184 2983 243 3042 Οὔκ
256 2981 310 3060 εἰμί
327 2983 514 3062 Στρατορῶν)
528 3023 538 3059 ,
552 2981 629 3049 αὐτὸς
643 2984 709 3062 ipsi<
720 2981 833 3060 ὀμόσας.

381 3126 426 3177 78.
446 3130 506 3175 ΤΟΥ
524 3129 629 3178 ΑΥΤΟΥ.

1 3268 2 3274 ’
111 3256 275 3328 literanis,
291 3256 394 3336 κεραλή
409 3279 473 3329 σου,
490 3255 698 3336 Ἀπολλόρανες,
713 3256 869 3334 γεγένηται,

152 3345 173 3414 ἢ
188 3349 240 3403 τῶν
255 3344 409 3417 σητοκόπων
426 3343 570 3424 βιόλαρίοιν
584 3345 618 3403 τά
630 3345 713 3403 κάτω·

109 3434 197 3499 ὄντως
211 3433 357 3512 μυρμήκων
370 3432 531 3513 τρυπήματα
546 3431 609 3500 loidi
625 3432 670 3490 καί
684 3433 765 3513 ipit,

152 3522 302 3601 γράμματα
317 3525 368 3579 τῶν
382 3523 496 3600 λυρικῶν
512 3521 596 3580 Λύδια
611 3521 655 3580 καί
669 3521 786 3599 Φρύγια.

111 3610 193 3679 Πλὴν
209 3609 313 3688 άρόόοις
327 3609 448 3668 πόκτευε·
464 3608 509 3666 καί
523 3608 556 3679 ἢν
568 3614 668 3688 τρωθῇς
682 3610 735 3687 γὰρ
748 3608 857 3677 άνωθεν,

153 3701 232 3756 ταῦθ’
246 3697 287 3757 dc'
301 3696 386 3776 ἔχεις,
401 3695 479 3764 ἕξεις·
495 3696 604 3754 πλείονα
619 3697 642 3754 δ’
657 3699 685 3755 οὗ
700 3696 819 3755 δύνασαι.

108 3869 134 3919 Si
147 3869 227 3919 succis
239 3883 300 3934 opus
312 3876 348 3916 est
357 3883 434 3932 aegro,
447 3865 494 3915 lert
508 3866 579 3915 auxia
593 3882 689 3927 soccos,

146 3955 178 4001 Et
187 3950 299 4016 mytilum
308 3949 403 4017 cupiam
414 3951 434 3999 si
443 3949 520 4012 mihi,
534 3949 581 4000 lert
593 3951 717 4001 matulam.

109 4041 161 4087 Pro
174 4036 232 4084 sino
244 4050 348 4096 rannus,
363 4044 466 4101 prosata
476 4033 553 4084 fertur
563 4043 667 4084 acetum.

146 4123 177 4168 m
190 4133 295 4178 sanum,
307 4116 423 4182 quidquid
435 4117 534 4180 dixero,
544 4116 618 4166 rerba
626 4117 722 4166 cadunt.

109 4209 120 4251 l
135 4213 146 4252 t
161 4201 295 4251 melitense
312 4200 369 4251 loris
381 4201 438 4251 totis
451 4216 494 4264 ego
506 4201 619 4251 noctibus
627 4215 722 4266 {equum
733 4209 779 4262 est,

146 4285 215 4348 Quid
228 4284 321 4350 loquar,
337 4293 361 4334 et
372 4301 450 4351 preco
461 4301 525 4334 nunc
534 4301 577 4334 ero
592 4293 693 4351 propter
704 4287 797 4333 ansam?

417 4415 458 4474 75.
478 4428 601 4462 nummu.

109 4525 196 4585 lluic,
210 4532 302 4589 spectas
314 4539 384 4588 quem
397 4526 475 4574 ωσι·
493 4523 651 4589 Olympiccn,
665 4521 722 4573 hnic
733 4538 808 4588 gena,
822 4540 900 4584 naras,

149 4609 273 4657 Anniculae
282 4607 391 4669 lueramt,
406 4607 481 4658 barba
491 4644 499 4669 ‚
508 4607 673 4674 supercilium.

109 4697 149 4744 L't
163 4693 240 4756 lactus
254 4691 319 4758 pugil
332 4701 386 4753 est,
399 4692 494 4759 periere
505 4691 557 4741 bec
570 4691 667 4752 omnia3
681 4690 767 4740 deinde

147 4772 281 4824 Obrenite
295 4774 377 4839 patriis
389 4774 458 4823 uncia
467 4773 534 4823 nulla
548 4771 614 4822 bonis
629 4788 638 4823 s

109 4860 215 4911 Prolata
227 4874 282 4906 nam
299 4858 372 4907 irater
383 4857 485 4922 imagine
497 4857 578 4923 jndice
591 4873 672 4906 corcrn

150 4947 223 4990 llunc
235 4941 309 4990 alium
323 4943 402 4990 rultirs
412 4943 490 5005 arguit
503 4957 552 4990 ease
563 4941 635 4991 nolis.

422 5049 463 5108 76.
481 5065 602 5097 crusnam.

110 5157 179 5207 oum
193 5153 239 5202 tibi
252 5163 300 5202 tam
312 5153 399 5204 lmdum
409 5163 513 5204 rostrum
524 5155 568 5216 sit,
581 5155 717 5222 Olympios,
728 5154 819 5218 lontes,

153 5237 290 5305 Omniaque
301 5237 401 5303 effigiem
413 5238 513 5288 reddere
528 5249 598 5300 nata,
614 5239 675 5305 luge.

941 555 968 606 Si
980 555 1133 621 laserpitium
1146 556 1249 621 petiero,
1264 558 1360 606 restem
1369 553 1457 614 aliast,
1471 553 1502 613 si,
1517 573 1528 596 «ι
1543 553 1615 603 Olera
1627 552 1686 602 mibi
1712 576 1725 596 ι

972 644 1056 696 dixero
1070 644 1124 695 «da
1136 663 1149 690 ν
1161 645 1282 704 esuriens,
1296 643 1380 694 statim
1394 642 1471 692 atlert
1483 642 1606 692 lasanum.

942 735 1046 783 Acetum
1057 731 1193 798 sipetiero,
1207 745 1292 788 arcum
1307 731 1397 792 allert3
1412 728 1434 781 si
1446 741 1505 779 vero
1514 741 1608 790 arcum,

973 822 1072 872 acetum
1086 837 1095 872 ι
1109 821 1209 870 omuino
1220 819 1289 883 quod
1301 818 1372 879 diem
1382 831 1509 882 nunquam
1519 817 1641 880 intelligit.

941 910 1022 973 Turpe
1033 909 1124 959 vetula
1133 922 1191 974 ergo
1204 922 1244 958 me
1255 920 1392 972 praeconem
1404 905 1467 966 lieri,

972 1000 999 1047 et
1008 995 1121 1048 meditari
1131 996 1204 1058 loris,
1213 996 1331 1047 democle
1342 997 1492 1058 surgentem.

1221 1157 1260 1204 75.
1277 1153 1422 1202 LUCILLII.

943 1294 989 1344 llic
1000 1295 1045 1356 qni
1055 1306 1121 1342 nunc
1132 1293 1169 1342 esi
1183 1291 1249 1355 talis,
1264 1290 1408 1358 Olympicus
1417 1289 1532 1350 habebat,
1547 1293 1695 1352 caugustu,

974 1398 1070 1449 nasum,
1083 1386 1210 1444 mentum,
1227 1383 1394 1448 supercilium,
1405 1382 1537 1440 auriculas,
1551 1381 1694 1445 palpebram

943 1473 1000 1522 dein
1015 1473 1184 1538 protessus-se
1202 1472 1310 1536 pugilem
1323 1472 1405 1522 omnia
1422 1471 1538 1536 perdidit,

974 1562 1042 1613 adeo
1051 1565 1080 1614 ul
1088 1561 1314 1626 expatemisbonis
1323 1575 1353 1612 ne
1363 1565 1459 1626 partem
1468 1559 1567 1624 quidem
1580 1559 1725 1610 abstulerit:

943 1651 1123 1716 imagunculam
1135 1650 1201 1701 enim
1210 1651 1286 1702 irater
1298 1650 1401 1715 probrlit
1412 1649 1478 1711 cius,

975 1744 1000 1792 et
1012 1739 1057 1792 illc
1065 1740 1190 1804 judicatus
1203 1743 1243 1790 est
1254 1739 1356 1800 alicnus,
1368 1752 1445 1802 quum
1452 1737 1512 1788 nibil
1524 1737 1604 1787 simile
1617 1737 1725 1786 liaberet.

1221 1875 1260 1922 76.
1283 1880 1432 1922 crusnam.

944 2013 1042 2062 ilicium
1053 2009 1147 2060 habens
1158 2009 1242 2067 talem,
1256 2007 1393 2072 Olympiae,
1403 2020 1483 2070 neque
1499 2007 1531 2057 ad
1543 2008 1635 2057 iontem

976 2099 1090 2159 accedas,
1103 2111 1183 2162 nequa
1192 2097 1308 2160 inspicias
1319 2097 1344 2146 in
1353 2097 1460 2161 aliquam
1469 2096 1616 2161 pellucidam
1627 2096 1728 2146 undam.

945 2191 976 2239 Et
988 2191 1017 2237 tu
1026 2187 1108 2246 eubu,
1122 2189 1152 2236 ut
1162 2186 1300 2245 Narcissus,
1316 2185 1472 2249 conspicatus
1483 2185 1581 2234 vultum
1595 2183 1728 2234 clarc-red-

975 2274 1097 2335 morien's,
1113 2287 1204 2324 exosus
1221 2273 1340 2337 teipsum
1353 2273 1385 2324 ad
1398 2274 1512 2322 mortem.
1622 2271 1727 2336 [ditum

1213 2411 1267 2460 =77·
1291 2421 1438 2463 HUSDEM.

947 2549 1197 2616 Viginti-poscamus
1210 2550 1300 2601 servati
1314 2549 1409 2613 Ulyssis
1426 2549 1450 2597 in
1466 2547 1685 2612 patriam-domum

976 2638 1075 2704 agnovit
1089 2639 1195 2689 formam
1207 2643 1288 2703 Argus
1300 2637 1457 2702 conspicatus
1466 2637 1549 2686 canis:

944 2729 988 2778 sed
1001 2731 1029 2779 tu
1043 2727 1295 2792 postquam-luctaati,
1306 2725 1468 2790 stratophon,
1480 2726 1504 2774 in
1517 2727 1635 2786 quattuor
1647 2724 1728 2786 horaS,

976 2831 1024 2867 non
1036 2817 1136 2867 canibus
1150 2814 1415 2880 baud-agnoscendus,
1431 2813 1475 2864 sed
1487 2813 1542 2862 urbi
1558 2812 1666 2864 evasisti.

945 2906 969 2955 Si
981 2905 1090 2956 nolueris
1100 2905 1199 2955 vultum
1213 2917 1313 2955 cernere
1324 2903 1350 2953 iu
1362 2902 1463 2966 speculo
1475 2901 1605 2964 tui-ipsius
1611 2931 1621 2962 ,

978 3013 991 3037 u
1005 2997 1058 3044 Non
1070 3007 1126 3044 sum
1140 2993 1290 3056 Stratopbcn
1300 3013 1323 3052 ν,
1334 2991 1389 3055 ipse
1404 2989 1473 3040 dices
1483 2990 1591 3053 juratus.

1238 3139 1278 3184 78.
1300 3141 1452 3186 BJUSDEM·

946 3267 1060 3318 cribrum
1077 3270 1152 3331 caput
1162 3271 1243 3328 tuum,
1261 3263 1452 3330 apollophanes,
1465 3265 1621 3323 lactum-est,

976 3358 1020 3406 aut
1029 3355 1292 3407 rensibus-sectorum
1302 3353 1422 3403 librorum
1435 3351 1573 3415 pam-ima3

946 3457 1032 3496 revera
1041 3443 1200 3494 lonulcarum
1208 3442 1328 3492 toramine
1339 3440 1440 3503 obliqua
1450 3441 1476 3490 et
1485 3441 1566 3500 recta,

976 3531 1046 3596 signa
1060 3529 1193 3595 lyricorum
1207 3530 1283 3594 Lydia
1296 3532 1321 3580 et
1332 3527 1446 3592 Phrygia.
1624 3526 1730 3591 [perne.

945 3623 1037 3669 Tamen
1050 3617 1173 3684 impavide
1192 3618 1259 3668 lucta
1278 3637 1286 3667 ι
1305 3631 1362 3667 nam
1376 3618 1423 3667 etsi
1433 3616 1576 3666 vulneratus
1593 3615 1669 3666 lucris
1688 3628 1731 3664 su-

976 3704 1032 3754 baec
1044 3705 1168 3767 quotquot
1183 3701 1276 3764 habes,
1290 3702 1412 3753 babebis:
1428 3703 1571 3767 plurarem
1588 3715 1635 3750 non
1652 3702 1722 3763 potes

947 3869 1009 3915 Nam
1022 3875 1062 3914 tua
1073 3867 1108 3927 si,
1122 3866 1196 3914 veluti
1206 3865 1345 3926 Narcissus,
1355 3866 1442 3915 videris
1454 3882 1511 3926 ora,

980 3953 1035 4001 Non
1049 3960 1098 4008 est,
1110 3950 1160 4017 ipse
1170 3949 1226 3999 odio
1240 3949 1299 4015 quin
1311 3949 1417 4000 moriare
1433 3950 1478 3999 tui.

1251 4084 1292 4129 77.
1307 4082 1423 4115 uusosss.

947 4177 1062 4228 Reddidit
1071 4187 1099 4227 ut
1112 4177 1195 4243 patrica
1206 4177 1318 4226 uicesima
1331 4176 1412 4225 messis
1428 4175 1552 4240 Ulyssem,

979 4259 1084 4324 Agnosit
1093 4269 1200 4308 veterem
1215 4268 1273 4308 tunc
1284 4258 1349 4307 cauis
1363 4262 1441 4322 Argus
1453 4256 1555 4306 herum.

946 4348 981 4393 Te
993 4343 1097 4410 pugilem
1106 4380 1117 4410 ,Ι
1127 4341 1293 4408 Stratophon,
1307 4357 1355 4390 non
1367 4342 1506 4408 plus'qnam
1519 4349 1636 4404 quattuor
1652 4338 1730 4400 horis,

980 4431 1016 4477 De
1029 4442 1089 4476 cane
1102 4426 1160 4492 quid
1172 4426 1269 4476 dicam?
1283 4424 1362 4492 patria
1374 4439 1443 4473 nosse
1455 4424 1549 4489 nequit.

947 4517 1001 4578 Ipse
1015 4521 1081 4564 tuam
1096 4509 1189 4576 speculi
1201 4509 1282 4558 videas
1291 4509 1317 4558 in
1327 4507 1431 4573 imagine
1445 4506 1563 4570 lormam,

980 4594 1111 4646 Clamabis:
1121 4592 1284 4660 Stratophon,
1300 4591 1469 4642 Herculeinoo
1481 4606 1525 4655 ego
1537 4607 1599 4640 suns.

1251 4707 1293 4767 78.
1309 4721 1426 4752 mucosus.

949 4829 1045 4872 Faclrrm
1058 4831 1093 4870 est
1102 4837 1173 4870 omnc
1187 4827 1259 4886 caput
1272 4819 1378 4868 cribrum
1395 4816 1454 4879 libi,
1467 4833 1551 4882 parsue
1564 4815 1649 4883 papyri

981 4903 1081 4967 iussum,
1093 4918 1165 4968 quam
1178 4902 1264 4951 vermis
1278 4900 1353 4962 rosit,
1369 4899 1563 4967 ,apollophanem

948 4995 999 5039 Aut
1009 4987 1161 5038 formicarum
1175 4985 1337 5036 terebramine
1349 4984 1444 5050 signare
1456 4994 1522 5035 recta

981 5073 1120 5137 Curtaque,
1134 5071 1254 5136 Lydorum
1269 5085 1356 5135 nempe
1368 5067 1623 5136 Phrygumquemodi.

949 5155 1062 5208 cestibus
1074 5154 1148 5204 utaris
1157 5152 1257 5220 posthac
1266 5153 1364 5218 impune
1374 5151 1457 5201 licebit
1472 5167 1478 5202 :

981 5241 1037 5289 Non
1053 5237 1142 5302 estqui
1158 5234 1238 5303 capiat
1251 5235 1349 5286 uulnera
1363 5235 1432 5301 plura
1448 5234 1525 5285 locus.
