3878 5912
482 417 606 478 CAPUT
628 417 676 476 IX.
700 413 982 492 EPIGRAMMATA
1000 413 1335 478 DEMONSTRATlVA.

384 555 446 606 207.
466 557 606 604 sabboti.

104 687 195 756 ίίΙῆτιν
208 682 379 755 Ἐπικτητοιο
395 687 446 764 τεῷ
460 682 592 743 ἐνικάτθεο
607 685 699 761 θυμῷ,
770 718 773 727 -

102 771 171 852 ὄφρα
187 795 232 830 κεν
248 770 401 850 εἰσαφίκηαι
416 774 443 837 ές
457 769 591 850 οὐρανίους
604 773 740 842 κενεῶνας,

103 861 194 941 ριγητ
206 859 373 940 spamam
384 858 527 940 ελαςρίίων
542 858 594 917 ἀπὸ
608 860 693 936 ναίει·

411 1003 472 1056 208.
494 1006 589 1055 ibbo.

103 1135 158 1202 Ὃς
168 1159 214 1194 κεν
229 1134 401 1206 Ἑπικτήτοιο
415 1133 498 1215 σοφὴν
511 1136 625 1193 τελέσειε
641 1130 770 1211 μενοινὴν,

104 1225 235 1300 μειδιάει,
249 1220 346 1300 βιότοιο
360 1223 506 1302 γαληνιύων
519 1222 557 1280 ένὶ
568 1222 672 1302 πόντῳ,

103 1313 152 1372 καὶ
167 1313 235 1390 μετὰ
250 1313 384 1384 ναυτιλίην
400 1312 533 1389 βιοτησιον
549 1311 711 1390 εἰσαφικάνει

103 1402 230 1481 οὐρανίην
240 1405 322 1486 ἁψῖδα
334 1402 378 1460 καὶ
390 1399 514 1480 άστερίην
529 1401 676 1479 περιωπήν.

383 1555 446 1607 209.
466 1551 606 1602 AAHAON.

308 1673 364 1724 Ἀπὸ
374 1674 463 1728 litorei
478 1669 536 1732 πρὸς
548 1667 677 1731 στρουθίον.

104 1805 193 1868 Τίτιτε
209 1803 377 1881 μετοκλάζεις
391 1796 538 1873 πωτωμένη
552 1795 609 1864 ύζον
624 1792 669 1852 ἀπ’
683 1793 757 1865 ὄζους

106 1907 168 1956 τοῖα
182 1895 229 1954 καὶ
244 1894 313 1965 άλλη
327 1888 415 1969 ἔρεξε,
429 1887 475 1946 καὶ
491 1887 520 1942 οὗ
535 1884 613 1966 φύγεν
626 1883 763 1963 ἰξοφορῆας

103 1985 251 2064 ἡμετέρους
261 1981 387 2052 δόνακας,
399 1975 460 2056 περὶ
472 1973 499 2033 δέ
512 1971 597 2051 πτερὰ
610 1969 697 2029 πυκνδι
713 1972 831 2050 βαλοῦσα

103 2076 186 2146 ἤλυθε
199 2070 360 2151 reperiente,
378 2063 423 2124 καὶ
438 2065 484 2124 οὐκ
494 2062 617 2120 ἐθέλουσα
627 2103 636 2136 ,
649 2058 713 2138 πρδς
724 2057 816 2139 ἄνδρα.

358 2213 421 2262 Ἃθ.
442 2208 640 2257 ΑΔΕΣΠΟΤΟΠ.

288 2317 330 2372 Ε1ς
346 2313 426 2377 pitto
437 2313 561 2362 Τακτικῶν
575 2303 707 2370 Ὀρύικίου,

102 2443 207 2520 Δέρκεύ
221 2463 265 2520 μοι
282 2441 416 2518 κρατερῶν
430 2433 557 2509 καμάτων
572 2429 705 2508 ἐγκύμονα
720 2427 825 2507 βίύλσν,

102 2535 137 2606 ἢν
149 2533 234 2612 πάρος
245 2528 377 2607 Ἀδριανδς
391 2524 439 2600 μέν
456 2519 519 2588 ἄναξ
533 2519 592 2600 ἔχεν
608 2520 634 2574 έν
649 2517 802 2591 πολέμοισι,

102 2621 190 2702 κρύψε
206 2618 229 2677 δ’
243 2615 337 2696 ἀεργίη
349 2615 442 2694 χρόνον
460 2609 574 2667 ἄσπετον
590 2604 678 2682 ἐγγύθι
691 2603 782 2674 λη’θης,

104 2710 178 2768 Ἀλλ’
194 2706 246 2764 ὑπὸ
256 2703 453 2782 καρτερόχειρος
468 2695 639 2755 Ἀναστασίου
655 2693 779 2772 βασιλῆος

102 2797 203 2867 ἤλυθον
217 2795 244 2860 ές
257 2792 322 2871 φάος
336 2781 408 2853 αὖθις
418 2833 425 2857 ,
435 2785 479 2846 ἵνα
494 2785 649 2863 στρατιῇοιν
664 2777 762 2858 ἀρήξω.

103 2875 178 2943 Οἶδα
190 2879 242 2960 γάρ
254 2875 410 2959 ἀνδροφόνου
425 2871 558 2948 καμάτους
570 2867 697 2944 πολέμοιο
711 2864 851 2925 διδάσκειν·

103 2963 164 3030 οἶδα
177 2969 206 3028 δέ
220 2970 277 3034 πῶς
292 2967 349 3042 μετ’
362 2966 434 3041 ἐμεῖο
448 2959 494 3018 καί
509 2957 630 3035 ἑσπερίης
641 2955 702 3021 ἁλὸς
714 2955 809 3033 ἄνδρας

104 3057 152 3117 καὶ
168 3056 276 3134 Πέρσας
287 3051 402 3121 ὀλέσαις,
413 3046 459 3106 καὶ
473 3044 627 3122 αἰνομόρους
639 3045 830 3122 Σαρακηνοὺς,

1 3186 2 3189 =
103 3144 152 3204 καὶ
165 3143 226 3202 θοδν
240 3139 429 3200 ἱπποκέλευθον
444 3130 608 3212 ἀρειμανέων
622 3129 698 3208 γένος
713 3128 830 3200 Οὗννων,

104 3233 230 3312 πετράων
240 3229 264 3288 τ’
277 3226 419 3309 ἐφύπερθεν
429 3221 624 3290 άλυσκάζοντας
635 3215 706 3277 Ἰσαύ
711 3241 780 3298 ρους.

107 3322 203 3382 Πάντα
215 3320 239 3378 δ’
250 3315 302 3376 ύπδ
315 3313 486 3393 σκήπτροισιν
501 3304 682 3368 ’λναστασίοιο
697 3304 829 3378 τελέσσαι,

104 3412 133 3472 δν
148 3409 196 3468 καὶ
210 3403 356 3485 Τραϊανοῖο
371 3400 516 3480 φαάντερον
527 3395 626 3473 ἤγαγεν
637 3395 702 3466 ἠύς.

350 3577 363 3588 ,.
392 3543 453 3593 tlt.
474 3538 616 3587 ΑΔΗΛΟΝ.

107 3677 232 3750 Παιήων,
248 3673 367 3752 Χείρων,
381 3667 552 3740 Ἀσκληπιὸς,
565 3665 744 3743 Ἱπποκράτης
758 3683 796 3722 τε·

1 3765 2 3792 l
102 3767 195 3837 ταῖςδ
211 3764 257 3825 έπι
270 3762 416 3839 Νίκανδρος
430 3758 635 3838 προφερέστερον
651 3753 762 3832 ἔλλαχεν
778 3743 864 3832 εὖχος.

1212 570 1266 614 2⁰7.
1294 577 1434 618 incenit.

933 690 1041 739 Mentem
1053 691 1158 755 Epicteti
1169 695 1213 742 tuo
1226 691 1361 756 depone-in
1370 691 1467 750 animo,

933 779 962 826 ut
974 777 1051 828 intres
1061 779 1085 828 in
1102 779 1211 831 coelestia
1224 779 1311 842 spatia,

934 865 1039 916 animam
1053 867 1183 918 sublimem
1194 869 1312 919 extobens
1329 869 1429 918 amni.

1170 1003 1172 1006 ’
1227 1014 1281 1059 nos.
1307 1017 1413 1061 aurun.

935 1148 984 1206 Qui
996 1146 1102 1211 Epicteti
1111 1146 1211 1197 doctam
1223 1145 1369 1208 exsequitur
1381 1143 1551 1207 cogitationem
1562 1183 1568 1200 ,

935 1236 1056 1296 subridet,
1072 1235 1131 1284 citae
1142 1246 1244 1283 serenus
1257 1232 1283 1282 in
1294 1231 1365 1294 meri,
1462 1251 1473 1276 a

935 1329 961 1376 et
971 1328 1028 1389 post
1036 1323 1214 1388 navigationem
1223 1321 1325 1370 vitalem
1336 1319 1447 1383 pertenit

935 1413 967 1463 ad
977 1414 1076 1463 eoeleste
1093 1411 1191 1462 culmen
1204 1412 1230 1460 et
1241 1408 1376 1459 aetbeream
1391 1407 1524 1471 speculam.

1215 1566 1270 1612 θθθ.
1295 1569 1437 1612 tricenti.

1095 1679 1128 1723 Ex
1139 1687 1237 1734 persona
1245 1674 1338 1729 aucupis
1351 1672 1379 1718 ad
1390 1671 1556 1730 passerculum.

936 1798 1115 1866 Quid-tandem
1126 1795 1225 1847 desides
1237 1795 1322 1845 volans
1335 1795 1470 1850 io-ramum
1484 1795 1595 1841 eramo?

936 1889 985 1939 tale
995 1891 1021 1938 et
1036 1885 1082 1937 alia
1094 1887 1150 1936 caris
1169 1883 1242 1944 lecit,
1254 1884 1280 1932 et
1294 1895 1343 1930 non
1358 1881 1420 1942 tagit
1437 1879 1548 1929 viscosae

936 1980 1033 2027 nostras
1046 1973 1191 2034 arundines,
1202 1971 1247 2022 sed
1261 1971 1470 2033 circumstrepens
1483 1967 1570 2017 erebro
1584 1963 1628 2015 alis

937 2061 1005 2111 venit
1017 2058 1184 2124 ingeniosum,
1200 2055 1239 2105 vel
1253 2068 1302 2103 non
1316 2053 1417 2113 rolens,
1428 2050 1461 2101 ad
1475 2051 1569 2101 virum.

1211 2211 1265 2256 tte.
1290 2213 1448 2256 ΑΝθΝΥίίί.

1150 2321 1177 2366 ln
1186 2319 1271 2364 librum
1282 2317 1425 2366 ‘lecticorum
1434 2314 1527 2360 orbicii.

937 2437 1025 2502 aspice
1033 2436 1094 2487 mibi
1105 2435 1193 2487 validis
1204 2433 1330 2487 laboribus
1346 2432 1435 2482 ioetum
1447 2431 1546 2491 librum,

937 2538 1011 2589 quem
1024 2523 1092 2588 prius
1105 2523 1244 2574 Hadrianus
1257 2520 1359 2586 quidem
1371 2532 1415 2570 rex
1428 2517 1535 2570 babebat
1544 2517 1567 2567 in
1585 2517 1687 2581 praeliis,

938 2611 1033 2662 abdidit
1046 2625 1106 2662 rero
1120 2611 1235 2675 segnities
1244 2623 1296 2674 par
1311 2611 1411 2671 tempus
1421 2605 1546 2656 inlinitum
1557 2605 1668 2669 proxime
1679 2606 1723 2656 ob-

936 2703 1030 2752 Verum
1043 2699 1090 2750 sub
1102 2699 1285 2763 potentemauu
1300 2694 1428 2746 Anmtasio
1440 2707 1497 2757 rege
1576 2691 1718 2756 [titionem.

935 2788 1016 2853 prodii
1027 2788 1053 2838 in
1061 2788 1143 2838 lucem
1158 2799 1261 2848 rursus,
1273 2788 1303 2834 ut
1317 2781 1467 2834 exercitibus
1477 2780 1578 2845 prosim.

936 2876 997 2928 Nori
1008 2876 1075 2927 enirn
1087 2873 1219 2926 homicidae
1227 2873 1323 2924 labores
1336 2871 1394 2922 belli
1407 2870 1512 2930 docere;

936 2966 994 3016 nori
1008 2965 1083 3015 etiam
1099 2961 1225 3028 quomodo
1234 2973 1331 3011 mecum
1346 2963 1373 3009 et
1382 2957 1494 3022 Hesperii
1508 2957 1584 3007 maris
1599 2955 1664 3006 viros

935 3058 961 3105 et
977 3058 1063 3104 Persas
1074 3049 1269 3117 perditurus-sis,
1286 3050 1313 3100 et
1325 3047 1431 3098 miseros
1442 3049 1585 3105 Saracenos,

935 3146 961 3194 et
973 3141 1085 3207 rapidam
1103 3139 1281 3203 equis-rectam
1294 3136 1518 3186 belloluriosorum
1538 3136 1636 3198 gentem
1655 3137 1717 3183 tlon

935 3236 962 3285 et
973 3232 1130 3297 scopulorum
1141 3229 1278 3281 in-samme
1293 3229 1317 3277 te
1330 3226 1453 3277 evitantes
1471 3225 1578 3274 isauros.
1606 3222 1716 3286 [noram¹

936 3320 1125 3371 damnantem
1138 3317 1185 3368 sub
1198 3315 1330 3378 imperium
1343 3312 1465 3364 anastasii
1475 3311 1594 3376 redigam,

936 3422 1010 3472 quem
1023 3410 1049 3458 et
1060 3408 1162 3470 Trajano
1174 3403 1334 3455 illustriorem
1346 3401 1405 3451 tulit
1418 3413 1517 3450 aurora.

1213 3546 1268 3591 tlt.
1297 3539 1438 3586 trctari.

936 3672 1024 3731 Peon,
1042 3667 1148 3728 chiron,
1164 3661 1333 3727 AEscrrlapius‚
1350 3661 1581 3727 Hippocratesque:
1602 3713 1608 3722 ,
1675 3639 1678 3648 ’

935 3761 992 3823 post
1003 3757 1049 3808 bos
1057 3753 1178 3806 Nicander
1191 3750 1387 3817 praestantiorem
1398 3749 1553 3800 sortitus-est
1565 3749 1672 3800 laudem.

118 3857 1716 3897 .-.....---———---———-----—---

408 3943 465 3988 207.
485 3940 594 3974 ταῦτατί.
615 3925 618 3931 ’

340 4032 378 4077 De
390 4022 529 4076 Eraclririda'o
544 4024 655 4092 Epicteti·

104 4133 200 4185 tmbstre
213 4126 317 4196 Epicteti
326 4124 439 4191 sapientis
452 4129 548 4189 pectore
562 4136 646 4178 curas,

104 4221 140 4267 Ut
151 4214 206 4266 uati
218 4211 297 4260 adeas
306 4204 455 4258 flammantia
465 4203 579 4254 scandere
592 4211 669 4260 tecta,

103 4297 240 4350 Sublimem
251 4290 371 4342 adtollens
385 4287 492 4336 animum
502 4294 625 4349 terrasque
635 4283 781 4348 relinquens.

420 4395 477 4446 208.
497 4409 581 4442 aurun.

426 4498 461 4542 De
477 4490 567 4541 eodem.

102 4598 223 4666 Quisquis
236 4595 340 4664 Epicteti
351 4594 421 4644 docta
435 4608 460 4642 se
475 4589 565 4658 proluit
577 4597 642 4648 arte,

6 4719 17 4732 .
105 4683 181 4732 ttidet
190 4690 215 4730 et
230 4681 255 4728 in
267 4677 347 4727 mettio
362 4675 492 4741 tranquilla
504 4671 552 4738 agit
565 4671 615 4720 otia
624 4677 716 4734 ponto:

105 4767 169 4814 Mox
179 4762 223 4811 ubi
229 4759 315 4826 jactari
324 4766 423 4807 sentosa
435 4769 587 4822 persequere
601 4751 657 4800 vitre

106 4847 201 4907 nair,
214 4844 245 4893 ad
256 4857 352 4909 superas
363 4839 429 4890 sedes
439 4848 463 4888 et
472 4837 550 4887 sidera
561 4835 647 4886 fertur.

319 4969 378 5002 210.
392 4963 486 4999 oltslcli
496 4984 504 5011 5
515 4965 548 4996 :x
561 4961 682 5000 GORSULB,

107 5059 133 5104 in
148 5053 263 5103 iconarum
273 5048 327 5100 libri
335 5048 369 5099 lde
381 5045 519 5099 ordinanda
531 5047 595 5104 acie,
614 5040 680 5112 qaod
688 5056 782 5090 carmen
803 5036 891 5088 Adriass

310 5147 354 5180 aras
367 5127 572 5201 Imperator·oir'm
584 5125 689 5194 [ecerat.

9 5221 20 5235 ⁹
111 5235 245 5302 migale
259 5235 339 5286 fretum
354 5233 479 5284 sudoribus
491 5230 572 5297 accipe
586 5227 691 5288 librum,
754 5265 757 5272 .

939 3925 1018 3984 Quem
1028 3918 1095 3985 prius
1106 3917 1131 3966 in
1142 3915 1212 3965 bellis
1224 3913 1334 3981 princeps
1345 3911 1464 3960 Adrianus
1476 3910 1590 3970 babebat,

937 4002 1039 4054 Lethaeis
1050 4002 1091 4052 sed
1101 4001 1171 4065 longa
1183 3999 1252 4064 quies
1261 3997 1400 4047 admoverat
1409 3995 1487 4044 undis.

937 4089 1008 4136 Nunc
1020 4083 1064 4134 suh
1076 4081 1218 4141 Ακεείεείο,
1231 4095 1280 4146 quo
1295 4094 1337 4128 rex
1347 4075 1413 4126 haud
1427 4075 1513 4125 sortior
1523 4075 1595 4137 aiter,

937 4174 964 4218 ln
978 4169 1054 4218 lucem
1064 4183 1103 4216 me
1114 4164 1203 4229 reddo,
1215 4163 1306 4212 bonum
1315 4159 1449 4225 legionibus
1462 4159 1552 4224 ingens.

936 4254 981 4303 lile
994 4253 1038 4302 scit
1052 4260 1077 4300 et
1088 4237 1177 4316 pugnas
1189 4255 1214 4296 et
1227 4248 1317 4296 Martia
1330 4245 1391 4295 iacta
1400 4245 1503 4304 docere,

937 4339 981 4386 lile
992 4336 1036 4386 scit
1047 4335 1147 4385 occiduo
1161 4332 1249 4398 positas
1261 4330 1287 4380 in
1297 4329 1379 4379 liltore
1387 4337 1483 4394 gentes,

937 4423 968 4470 Et
981 4423 1063 4468 Persas
1075 4431 1169 4466 mecum
1178 4417 1345 4477 Saracenaque
1356 4410 1457 4477 perdere
1466 4419 1560 4469 castra,

937 4507 1129 4565 Hunnorumqoe
1139 4498 1164 4548 in
1173 4496 1240 4562 equis
1249 4496 1339 4545 celeres
1353 4495 1383 4542 ad
1396 4494 1478 4560 prelia
1490 4503 1593 4555 turmas,

937 4590 967 4635 Et
979 4585 1049 4635 toties
1062 4583 1156 4646 refugos
1169 4581 1275 4630 indeuia
1289 4579 1355 4645 rupis
1364 4583 1469 4628 Isauros.

936 4673 1010 4719 Totus
1021 4663 1146 4717 Anastmio
1159 4661 1243 4712 faciam
1260 4677 1316 4711 mox
1327 4669 1410 4726 pareat
1424 4658 1504 4719 orbis,

937 4753 1016 4814 Quam
1026 4764 1068 4798 rua
1080 4747 1194 4812 majorem
1202 4743 1307 4809 ijano
1317 4740 1433 4808 conspicit
1446 4743 1502 4790 Eos.

1237 4896 1295 4930 211.
1313 4895 1422 4928 lrtcuttrt.

1230 5002 1268 5047 De
1285 4991 1422 5046 Nicandro.

937 5133 1044 5192 Chiron,
1058 5132 1224 5198 Hippocrates,
1237 5133 1316 5190 Paeon,
1325 5136 1350 5175 et
1361 5124 1474 5192 Apolline
1488 5130 1557 5172 natus

939 5222 1031 5268 Nomen
1042 5215 1151 5266 babent:
1168 5212 1243 5262 sedet
1257 5209 1300 5260 bos
1311 5208 1426 5260 Nicandri
1440 5206 1515 5272 gloria
1530 5203 1617 5256 vincit.
