3774 5914
801 377 1056 527 ιινίιιμιοιιιε
1079 407 1282 469 ratianum

462 558 540 610 .(506.
558 557 755 605 mazssorort.

534 660 573 714 Είς
584 658 687 721 λουτρόν.

226 784 277 844 Ἠν
289 783 319 842 τὸ
332 782 414 862 πάρος
430 784 564 864 φιλέεσκεν
578 779 673 860 Ἄρης,
687 779 813 847 σκοπίαζε
829 776 958 855 Κυθείρην

265 872 356 931 ἐνθάδε
369 874 513 949 λουομένην
528 871 628 947 νάμασι
640 868 836 950 ραιδροτοίτοις·

225 958 314 1040 δέρκεο
327 962 486 1042 νηχομένην·
502 960 539 1037 μὴ
555 961 653 1018 δείδιθι·
666 959 756 1035 οὐγὰρ
769 955 878 1027 Ἀθήνην

265 1049 392 1129 παρθένον
412 1050 549 1130 εἷσοροίρς,
566 1038 637 1106 οἷοίτε
651 1045 800 1126 Τειρεσίας.

527 1195 591 1245 607.
609 1195 704 1246 ΑΛΑΟ.

225 1323 261 1382 Αἱ
275 1319 388 1395 Χάριτες
403 1320 545 1380 λούσαντο·
562 1319 742 1400 ἀμειψάμενοι
756 1317 782 1378 δέ
792 1319 897 1396 λοετρδν

266 1413 353 1470 δῶκαν
371 1414 420 1469 έῶν
438 1408 533 1490 ῥεθέων
550 1409 640 1467 ίίδασιν
654 1403 778 1484 ἀγλαίην.

527 1551 591 1602 608.
611 1554 707 1600 ΑΛΛΟ.

201 1727 203 1730 ,
226 1671 267 1735 Ἢ
280 1683 349 1735 τοῖον
364 1672 509 1756 Κυθέρειαν
524 1675 594 1754 ὕδωρ
607 1675 692 1750 τέκεν,
709 1674 725 1746 ἢ
745 1673 871 1754 Κυθέρεια

267 1772 335 1822 τοῖον
353 1763 440 1832 τεῦξεν
456 1763 545 1844 ὕδωρ,
561 1762 589 1823 θν
602 1764 671 1844 χρόα
682 1761 842 1838 λουσαμένη.

529 1909 592 1960 609.
612 1910 708 1958 Anno.

227 2037 289 2097 Τῶν
306 2037 429 2116 Χαρίτων
440 2038 498 2098 τόδε
510 2039 618 2121 λουτρὸν
634 2039 781 2117 ἀθύρματα·
793 2036 838 2094 καὶ
850 2034 900 2116 γὰρ
914 2034 1012 2100 ἐκείνας

270 2131 365 2202 μοῦνος
379 2127 432 2184 έσω
446 2127 568 2186 παίσδειν
580 2129 627 2194 ads
640 2129 760 2207 Χάριτας
773 2125 890 2205 δέχεται.

517 2263 601 2320 σοιν.
622 2271 717 2317 alno.

227 2389 331 2458 Ὄντως
346 2391 377 2464 δὴ
395 2391 517 2469 Χαρίτων
532 2391 642 2471 λουτρθν
655 2391 728 2452 τόδε·
741 2389 799 2449 οὐδέ
813 2390 864 2472 γὰρ
880 2392 973 2457 ἄλλους

270 2481 374 2547 πλείους
388 2483 511 2560 χωρῆσαι
526 2485 604 2538 τοῦτο
620 2484 699 2559 τριῶν
716 2480 835 2538 δύναται,

530 2624 593 2674 610.
613 2627 707 2675 ΑΛΔΟ.

229 2751 320 2829 Μικρδι
334 2748 381 2826 μέν
399 2749 463 2827 ἔργα
478 2749 534 2808 τάδ’
547 2752 627 2820 ἐστὶν,
641 2748 697 2828 ἔχει
711 2748 733 2808 δ’
748 2751 838 2822 ἡδεῖαν
853 2747 965 2823 θδωδὴν,

267 2839 302 2903 ὡς
318 2836 390 2917 ῥόδον
404 2839 429 2894 έν
444 2836 556 2915 κήποις,
568 2840 604 2903 ὡς
614 2835 654 2895 ίον
670 2839 696 2896 έν
710 2837 844 2918 ταλοίροις.

529 2981 592 3033 611.
612 2984 709 3030 ΔΔΔΟ.

229 3104 276 3165 Ἐν
293 3107 380 3184 μικρῷ
393 3105 496 3186 μεγάλη
515 3107 615 3186 λουτρῷ
629 3104 721 3185 χέρες·
733 3109 759 3166 έν
774 3108 799 3164 δ’
811 3107 943 3187 ἐλαχίστῳ

268 3194 367 3271 νάματι
380 3193 530 3271 λουομένοις
541 3194 605 3266 ἡδὺς
617 3195 720 3254 ἔπεστιν
736 3193 811 3274 ἔρως.

529 3339 592 3390 612.
612 3341 707 3388 ΔΛΛΟ.

230 3464 280 3533 Ὧς
294 3465 398 3542 δένδρον
414 3465 611 3544 βραχθρυλλον,
623 3464 679 3544 ἔχει
693 3468 715 3525 δ’
732 3469 822 3537 ἡδεῖαν
838 3468 947 3541 δδωδὴν,

269 3554 349 3620 οὕτως
361 3553 458 3633 λουτρδι
472 3554 534 3612 τάδε
549 3557 630 3632 μικρδι
646 3555 704 3628 μέν,
717 3555 785 3613 atita
800 3556 873 3636 ρίλα.

525 3832 582 3879 6ο6.
602 3847 715 3880 rucaerr.

549 3948 586 3993 De
597 3942 690 3997 bairaco.

229 4079 315 4142 Aspice
324 4081 390 4126 Mars
400 4077 531 4138 Venerem,
543 4093 613 4143 quam
625 4087 651 4128 tu
661 4095 709 4129 non
716 4080 803 4131 stultus
811 4085 894 4134 amasti
905 4120 912 4146 ,

262 4161 361 4226 Aspice,
376 4161 506 4228 perspicuis
517 4161 618 4227 pulchra
631 4163 725 4212 lavatur
736 4164 812 4230 aquis.

221 4247 280 4304 ‚ntea
293 4243 360 4292 nanti
374 4245 476 4311 trepides
490 4245 573 4294 oculos
585 4243 715 4296 immittere
728 4264 792 4298 :nnn
804 4257 833 4299 ut

261 4326 357 4376 Tiresiae
370 4329 446 4377 Pallas
461 4328 527 4392 uirgo
541 4328 642 4378 ridenda
655 4329 700 4379 tibi
712 4341 756 4382 est.

510 4443 568 4503 607.
588 4446 625 4492 De
638 4441 729 4495 eodem.

228 4561 329 4607 Laremt
340 4555 380 4606 hic
392 4557 478 4622 triplex
487 4573 513 4606 se
523 4558 614 4610 Gratia.
650 4560 765 4610 Redditur
777 4563 846 4612 undis

261 4643 308 4688 Pro
321 4638 400 4704 pretio
413 4647 463 4702 est,
476 4639 553 4705 qualis
567 4639 639 4705 lulget
650 4642 676 4691 in
688 4659 731 4691 ore
743 4643 825 4695 decor,

514 4757 572 4806 sos.
589 4761 625 4804 De
638 4753 730 4808 eodem.

229 4871 276 4922 Vel
287 4870 341 4920 talis
352 4870 441 4920 Veneri
453 4869 559 4935 genetrix
573 4887 644 4937 aqua,
657 4873 695 4922 rel
710 4877 792 4924 Venus
805 4873 853 4940 ipsa

258 4952 342 5004 Talem
353 4955 402 5004 lota
415 4969 458 5002 suo
471 4970 572 5020 corpore
583 4955 639 5005 iecit
650 4972 745 5022 aquam.

469 5089 471 5095 ·
513 5070 571 5134 609.
584 5073 622 5119 De
635 5068 725 5121 eodem.

226 5202 329 5255 Delicias
343 5207 466 5253 Venenum
478 5214 568 5272 spectas
582 5204 632 5256 haee
646 5206 730 5257 balnea
745 5224 751 5258 :
765 5209 826 5258 solas

1321 560 1378 606 606.
1399 563 1562 608 ANONYMI.

1366 682 1392 724 in
1404 678 1522 723 balneum.

1052 803 1132 857 Quam
1145 797 1203 848 ulim
1218 795 1346 860 deperibat
1356 797 1436 856 Mars,
1447 793 1546 857 adspice
1556 792 1702 856 cytheream

1083 889 1123 938 htc
1131 888 1255 938 lavantem
1269 883 1367 935 liuentis
1380 881 1533 932 nitidissimis
1548 897 1554 929 :

1053 981 1135 1042 speetu
1145 979 1269 1026 natantem
1282 972 1429 1025 :netimeas
1442 989 1449 1021 ι
1463 969 1588 1021 nonenim
1600 969 1732 1018 minen-am

1084 1066 1203 1130 m'rginem
1214 1064 1315 1128 aspicis,
1326 1061 1399 1112 sicuti
1412 1060 1526 1110 Tiresias.

1354 1196 1408 1242 607.
1426 1203 1540 1246 stratu·

1055 1327 1146 1378 Gratiae
1160 1324 1203 1376 hic
1215 1325 1328 1376 lavarunt
1340 1343 1345 1372 :
1357 1325 1382 1373 et
1393 1319 1555 1386 rependentes
1565 1319 1681 1369 balneum

1085 1414 1207 1465 dedemnt
1216 1427 1318 1464 snorum
1327 1423 1458 1473 eorpumrn
1468 1407 1537 1472 aquis
1549 1407 1666 1457 nitorem.

1356 1545 1411 1590 608.
1429 1549 1536 1592 ALIUD.

1056 1692 1105 1740 hut
1114 1689 1171 1740 talis
1181 1688 1328 1752 Cytheream
1340 1698 1410 1749 aqua
1417 1684 1524 1750 peperit,
1538 1684 1581 1733 ant
1598 1682 1721 1746 Cytherea

1087 1781 1161 1831 tatem
1174 1777 1382 1839 attinxit-aquam,
1397 1787 1468 1824 suam
1478 1776 1560 1822 eutem
1570 1773 1665 1822 iurans.

1324 1935 1326 1940 ·
1355 1911 1411 1958 609.
1426 1917 1538 1958 ALIUD.

1057 2049 1198 2098 Gratiarum
1209 2045 1284 2096 hocce
1296 2043 1410 2093 balneum
1419 2041 1599 2092 oblectamenta
1609 2056 1615 2087 ε
1627 2037 1717 2088 etenim
1726 2037 1778 2088 illas

1089 2137 1153 2188 solas
1167 2135 1232 2185 intus
1242 2131 1340 2198 nugari,
1354 2130 1463 2191 Gratias,
1474 2128 1540 2179 sinit.

1342 2273 1418 2323 609*.
1441 2279 1552 2322 ALiUD.

1057 2409 1151 2455 lterera
1163 2403 1373 2455 saneGratiarum
1386 2401 1501 2453 balneum
1510 2399 1586 2450 huces
1600 2421 1606 2450 ς
1621 2398 1748 2449 nonenim
1762 2398 1815 2448 alius

1088 2495 1170 2560 plnres
1182 2498 1265 2545 tenere
1276 2494 1323 2543 hoe
1332 2492 1412 2542 trihus
1423 2492 1515 2554 potest.

1356 2629 1410 2674 ίιίθ.
1434 2634 1540 2676 stitit).

1059 2761 1245 2825 Parvaquidem
1254 2761 1387 2825 operahaec
1400 2758 1562 2819 sunt,hahent
1570 2772 1628 2809 reru
1637 2757 1737 2807 dulcem
1745 2755 1832 2806 oderem
1886 2816 1887 2827 ρ

1089 2855 1116 2900 ut
1131 2864 1186 2900 msa
1196 2851 1221 2900 in
1229 2851 1323 2909 hortis,
1334 2854 1363 2899 ut
1373 2849 1438 2899 riola
1450 2848 1474 2897 in
1484 2847 1596 2898 calathis.
1886 2832 1887 2879 l

1357 2981 1412 3047 stt.
1435 2987 1542 3028 ιιιυιι.

1059 3116 1087 3162 tn
1101 3125 1176 3175 parra
1188 3125 1275 3176 niagna
1286 3112 1374 3162 balneo
1387 3111 1478 3175 gratim
1493 3109 1571 3161 sedin
1583 3108 1708 3160 tenuiculo

1090 3201 1181 3250 ttuento
1194 3199 1333 3250 tarantinus
1343 3198 1422 3249 drdeis
1428 3198 1507 3258 adest
1519 3211 1596 3248 amor.

1358 3353 1413 3399 612.
1434 3357 1541 3400 ALIUD.

1058 3480 1272 3540 Quemadmodum
1279 3481 1353 3531 arhor
1363 3479 1594 3544 brevia-genitalia,
1602 3479 1835 3530 habetrerodutrm·

1090 3569 1125 3618 stc
1135 3569 1221 3618 hatnea
1231 3570 1312 3619 haeeue
1323 3583 1400 3633 parra
1411 3569 1525 3632 quidem,
1535 3569 1578 3620 sed
1588 3582 1654 3618 eura.
1722 3568 1835 3632 [odorem

1090 3845 1199 3907 Namque
1213 3841 1277 3892 intus
1288 3847 1395 3892 Veneres
1407 3841 1490 3891 ludere
1503 3839 1599 3906 lympha
1611 3841 1677 3892 sinit.

1377 3964 1414 4010 De
1430 3959 1522 4011 eodem.

1057 4079 1172 4129 Vindicat
1186 4080 1232 4129 hoc
1243 4089 1350 4145 stagnum
1366 4080 1453 4130 merito
1468 4077 1514 4128 sibi
1527 4078 1610 4129 Gratia
1623 4077 1712 4144 triplex
1727 4095 1735 4129 :

1090 4162 1187 4228 Quippe
1199 4162 1275 4212 tribus
1289 4163 1371 4229 plures
1382 4162 1433 4213 haec
1444 4179 1506 4229 aqua
1521 4163 1584 4212 lerre
1598 4173 1677 4227 negat.

1336 4299 1395 4348 (ire.
1412 4299 1448 4346 De
1462 4295 1554 4347 eodem.

1057 4435 1097 4482 Est
1109 4448 1168 4499 opus
1182 4431 1228 4481 hoc
1242 4448 1291 4481 non
1302 4431 1391 4496 grande
1405 4432 1517 4498 quidem,
1528 4431 1569 4480 sed
1583 4431 1653 4480 dulce
1669 4431 1764 4493 rideri,

1091 4519 1125 4566 Ut
1138 4514 1200 4565 riola
1214 4515 1239 4564 in
1253 4512 1367 4574 calathis,
1381 4523 1408 4563 ut
1422 4529 1475 4563 rosa
1487 4513 1513 4563 in
1524 4512 1620 4564 areolis.

1340 4642 1399 4691 611.
1417 4645 1455 4692 De
1467 4638 1557 4691 eodem.

1056 4769 1111 4816 Non
1125 4765 1176 4816 haec
1187 4781 1270 4830 magna
1282 4765 1379 4832 quidem
1393 4765 1433 4814 sed
1447 4765 1525 4816 dulcia
1539 4764 1641 4827 balnea,
1654 4763 1710 4814 lctis

1091 4853 1119 4898 in
1131 4848 1199 4898 tenui
1214 4847 1312 4914 lympha
1325 4847 1425 4898 blandus
1436 4846 1542 4897 adhaeret
1556 4863 1633 4898 arnor.

1335 4996 1394 5045 612.
1414 4997 1451 5042 De
1462 4990 1552 5042 eodem.

1056 5130 1149 5180 Fronde
1161 5130 1241 5195 aliqua
1255 5139 1290 5180 est
1306 5131 1386 5192 tenui,
1400 5132 1478 5181 irurtu
1490 5131 1532 5180 sed
1543 5129 1651 5180 amabilis
1661 5127 1737 5180 arbor
1750 5146 1757 5176 :

1032 5189 1036 5244 i
1088 5212 1172 5262 Dulcia
1184 5212 1217 5262 sic
1229 5211 1279 5263 lraee
1293 5223 1348 5264 sunt
1360 5215 1460 5277 balnea,
1471 5230 1543 5281 parra
1557 5213 1621 5264 licet.
