3746 5910
438 407 563 469 CAPUT
585 410 621 470 X
644 411 928 476 EPIGRAMMATA
951 419 1260 484 EXHORTATORJA.

88 538 225 640 μογθοῦντε
228 559 239 601 ς
252 533 268 605 ἢ
280 540 434 616 τρυφῶντες·
443 542 458 597 ό
472 539 499 598 dd
513 540 604 622 χρόνος
615 541 715 624 τρέχει,

87 620 172 701 τρέχει
186 625 244 680 καθ’
259 628 384 700 ἡμῖν’
348 649 400 684 των
414 629 591 708 ταλαιπώρων
607 636 719 713 βροτῶν,

86 710 167 790 φόρων
183 713 343 772 ῖκάστου”
307 737 344 794 τῳ
359 714 409 796 βίῳ
420 721 612 800 καταστροφήν.

307 859 353 909 82.
371 863 430 908 ΤΟΥ
448 865 553 914 ΑΥΤΟΥ.

84 979 145 1059 Ἄρα
160 980 198 1056 μὴ
210 982 327 1049 θανόντες
339 989 379 1066 τῷ
393 988 477 1046 δοκεῖν
492 992 576 1065 ζῶμεν
594 991 683 1067 μόνον,

83 1067 211 1141 Ἕλληνες
225 1071 329 1151 ἄνδρες,
345 1085 467 1156 συμφορᾷ
478 1079 645 1147 πεπτωκότες

84 1159 176 1237 όνεερον
190 1161 335 1230 strattone<
345 1153 411 1221 εἶναι
423 1165 467 1224 τὸν
483 1165 557 1245 βόον;

83 1249 100 1320 ἢ
113 1252 197 1331 ζῷμεν
214 1253 306 1328 ἡμεῖς,
319 1256 364 1312 τοῦ
378 1252 436 1330 βίου
448 1256 612 1329 τεθνηκότοςς

305 1399 351 1450 83.
370 1402 430 1448 ΤΟΥ
448 1405 555 1454 ΑΥἸἫΟΥ

49 1525 123 1584 Καὶ
101 1527 811 1614 τοορυνεῖνπλουτευντιπερθστασις,όχλος,ἀνάγκη...

81 1613 96 1644 ¹*
108 1615 175 1684 ζώνη
188 1616 297 1688 ποικίλη
311 1616 356 1676 καῖ
370 1617 491 1681 κολάκων
506 1621 617 1699 ἀνάγκη.

305 1765 351 1816 84.
370 1769 429 1816 '401‘
447 1771 555 1822 ΑΥῙῸΥ.

1 1931 2 1936 =
46 1897 196 1976 δακρυχέων
209 1897 345 1976 γενόμην,
363 1902 408 1959 καὶ
423 1902 555 1980 δακρύσας
570 1904 737 1976 ἀποθνήσκω·

80 1984 185 2063 δάκρυσι
200 1985 223 2044 δ’
239 1988 267 2045 ἀν
285 1989 425 2056 πολλοῖς
401 2013 445 2049 τον
462 1925 518 2069 βρίον
530 1983 605 2071 εὗρον
619 1994 688 2055 όλον.

47 2063 158 2152 Ὧγόνος
168 2073 315 2154 ἀνθρώπων
330 2079 449 2139 πσλυδάκ
451 2102 540 2158 ρυτον,
556 2081 676 2158 ἀσθενὲς,
692 2085 805 2166 οἰκτρὸν,

80 2163 230 2242 φαινόμενον
249 2164 368 2224 κατὰ
332 2188 396 2243 γης,
410 2191 455 2226 και
445 2166 648 2246 διαλυόμενον
730 2199 733 2204 ·

303 2322 350 2373 85.
376 2325 434 2370 ΤΟΥ
453 2326 560 2376 ΑΥΤΟΥ.

49 2449 187 2517 Πάντες”
153 2474 190 2528 τῳ
205 2451 312 2533 θανάτῳ
328 2452 493 2533 τηρούμεθα,
507 2455 552 2514 καλ
566 2457 729 2538 τρεφόμεσθα

79 2541 110 2605 ὡς
123 2511 203 2615 ἀγέλη
215 2540 313 2620 γοόρων
327 2543 496 2636 σφαζομένων
509 2543 619 2624 ἀλόγως.

302 2689 346 2739 88.
367 2692 426 2736 lor
444 2690 550 2740 mot.

81 2907 188 2982 παῖδας,
200 2907 483 2984 γυναῖκα,υδοὐ”λον,ὀ
485 2909 631 2987 ρνίθας,
601 2933 675 2968 κυνα·

81 2995 154 3065 κόλαξ
167 2995 220 3074 γάρ
235 2993 369 3062 οὐδεὶς
330 3019 390 3063 τους
403 2996 482 3073 ἐμοὺς
494 3005 574 3056 πατεῖ
589 2997 691 3074 δόμους.

842 2543 845 2614 4

80 2815 145 2875 04
131 2834 168 2872 οα
167 2817 249 2893 pom
264 2817 326 2891 μὲν,
340 2819 400 2876 ἀλλ’
414 2819 486 2896 ὅμως
500 2817 575 2898 κάγὼ
588 2819 675 2900 τράρω

309 3151 355 3202 87.
372 3153 432 3198 ΤΟΥ
449 3155 555 3201 ΑΥᾛΤΟΥ

80 3272 123 3334 λν
136 3272 172 3349 μὴ
186 3272 346 3351 γελωμεν
321 3295 366 3332 τον
383 3273 439 3354 βίον
448 3274 492 3332 τὸν
507 3275 651 3354 δραπέτην,

81 3363 167 3443 Τύχην
178 3387 207 3422 τε
221 3361 347 3442 πόρνηςρ
333 3359 460 3442 ῥεύμασιν
474 3363 639 3474 κινρυμῖνην,

82 3453 164 3524 ὀθόνην
179 3454 283 3517 ἑαυτοῖς
294 3475 316 3510 π
317 3449 520 3530 ροξενουμεν’
481 3473 610 3528 παντοτε,

82 3539 191 3608 ἀναξίως
201 3540 352 3620 δρωντες’
328 3538 538 3618 ευτυχιστέραυς.

301 3689 346 3740 88.
366 3691 425 3737 ΤΟΥ
442 3691 547 3739 ΑΥΤΟΥ.

7 3848 12 3859 ·
51 3823 139 3898 Σῶμα,
153 3820 234 3887 πάθος
248 3821 349 3901 ψυχῆς,
361 3818 443 3902 ᾅδης,
457 3818 537 3898 μοῖρ’,
550 3819 645 3898 ἄχθος,
658 3819 776 3898 ἀνάγκη,

82 3911 121 3967 καὶ
132 3908 227 3983 δεσμὸς
240 3906 380 3987 κρατερὸς,
393 3906 437 3964 καλ
452 3907 559 3972 κόλασις
575 3909 707 3984 βασάνων.

90 4081 163 4127 lusus
173 4076 289 4136 laborve,
301 4081 395 4139 tempus
406 4072 500 4122 interea
517 4073 575 4129 ruit,
841 4079 844 4126 l

89 4162 142 4211 Ruit
150 4158 251 4228 perenni
264 4157 341 4224 gentis
349 4155 460 4207 humanae
470 4158 550 4220 malo,

90 4250 146 4296 Dum
155 4261 275 4312 quemque
286 4241 341 4292 rite
352 4248 432 4306 raptat
444 4255 519 4306 usque
532 4242 562 4290 ad
574 4242 674 4292 exilum.

383 4377 424 4425 82.
443 4389 563 4421 annonara.

90 4491 120 4535 Δι
129 4503 205 4538 nonne
219 4489 293 4538 tantis
304 4488 385 4538 obruti
394 4487 471 4538 Graeci
483 4485 552 4536 malis

90 4567 202 4634 Opinione
215 4569 317 4620 vivimus
326 4568 491 4630 solummod03

91 4651 164 4702 Vitam
175 4662 285 4719 putantes
298 4653 322 4702 id
335 4653 400 4718 quod
412 4661 447 4702 est
462 4667 489 4700 re
500 4650 629 4704 somnium.

91 4735 184 4798 Quando
196 4735 246 4802 ipsa
259 4735 306 4784 rita
322 4745 416 4784 mortua
431 4742 467 4783 est
479 4731 632 4782 uiuentibus?

323 4859 364 4912 84.
379 4873 495 4906 unsnnn.

55 4963 156 5014 lineabar
168 4966 300 5033 lacrymans
314 4985 322 5018 ε
339 4969 445 5035 lacrymo
460 4967 604 5032 moriturus,
617 4978 642 5020 et
652 4968 676 5018 in
688 4977 721 5028 le,

80 5049 136 5095 llenl
150 5047 212 5098 nihil
224 5049 315 5112 inveni,
330 5050 395 5112 vita,
411 5050 456 5100 nisi
469 5051 599 5116 lacrymas.

55 5127 159 5180 lrrlirmum
170 5141 206 5182 est
218 5131 344 5184 hominum
355 5149 428 5198 genus
442 5143 466 5184 et
476 5134 625 5198 miserabile,
641 5143 736 5200 raptum

81 5213 141 5274 Quod
150 5215 229 5267 subter
238 5226 327 5268 terram
341 5217 443 5267 soluitur
451 5217 477 5267 in
488 5217 589 5268 cineres.

1593 439 1649 499 207

846 547 851 568 '
871 556 1010 610 laborantes
1022 563 1066 610 aut
1078 560 1247 622 luxuriantes3
1258 565 1284 614 at
1299 566 1398 631 tempus
1407 570 1496 632 currit,

870 644 972 696 incurrit
982 647 1057 714 nobis
1065 650 1161 701 miseris
1172 650 1325 712 mortalibus,

871 733 974 784 atterens
986 737 1104 800 cujusque
1117 738 1173 789 vita
1186 740 1288 790 exitum.

1151 890 1190 934 82.
1213 897 1244 937 ΕΙ
1251 896 1368 940 USDEll.

869 1004 952 1054 Nonne
963 1005 1055 1056 mortui
1066 1007 1146 1070 specie
1159 1007 1265 1060 vivimus
1279 1013 1386 1070 tantum

870 1091 950 1142 Graeei
961 1093 1017 1154 viri,
1029 1094 1227 1146 in·inlortuninm
1236 1097 1329 1162 delapsi

869 1193 982 1231 somnum
991 1181 1151 1246 imaginantes
1164 1197 1219 1236 esse
1229 1187 1321 1236 vitam?

869 1272 913 1320 aut
927 1269 1034 1321 vivimus
1048 1285 1106 1333 nos,
1118 1272 1170 1322 rita
1181 1277 1310 1324 emortua?

1164 1427 1202 1474 83.
1225 1434 1373 1478 llJUSDlill.

868 1559 948 1610 Etiam
963 1573 1049 1624 sapere
1058 1564 1094 1612 est
1104 1560 1177 1613 diuiti
1190 1563 1318 1626 molestia,
1328 1568 1462 1630 negotium,
1472 1569 1510 1620 vis
1512 1607 1559 1620 .....

899 1652 965 1700 Zona
980 1649 1047 1700 varia
1058 1651 1084 1700 ct
1094 1650 1249 1702 adulatorum
1262 1667 1331 1716 grex.

1097 1853 1100 1862 ,
1159 1795 1198 1842 so.
1221 1805 1372 1848 rsusnana.

867 1926 1007 1977 Lacrimans
1018 1931 1173 1989 natussum,
1189 1931 1214 1979 et
1226 1929 1369 1984 lacrimatus
1381 1933 1484 1994 morien

897 2014 1067 2079 lacrimisque
1060 2029 1085 2066 m
1094 2017 1179 2068 multis
1193 2016 1270 2068 vitam
1279 2019 1359 2070 inveni
1371 2023 1457 2070 totam.

866 2104 1188 2168 Ogenuslrominnmvalde·
1190 2105 1356 2170 lacrimosum,
1362 2107 1497 2168 infirmum.
1506 2111 1649 2176 miserabile

898 2189 949 2238 rix·
953 2190 1193 2254 apparensinterra‚
1208 2195 1233 2243 et
1242 2195 1333 2245 stolon
1343 2195 1503 2247 dissolutum

1153 2348 1192 2394 85
1219 2353 1370 2396 musulani.

866 2483 953 2533 Cuncti
965 2482 1039 2533 morti
1048 2497 1178 2535 servamur
1186 2489 1212 2536 et
1226 2486 1382 2550 saginamur,

897 2575 924 2621 ut
936 2585 995 2634 grex
1007 2585 1139 2635 porcorum
1152 2572 1196 2636 qui
1210 2573 1366 2625 trucidantur
1375 2579 1415 2626 ut·
1418 2576 1479 2626 lors·
1482 2577 1537 2627 lert.

1155 2717 1195 2763 88.
1218 2725 1370 2768 EJUSDEM

865 2849 918 2896 Non
932 2848 1077 2910 sumptuose
1087 2845 1202 2909 quidem,
1213 2846 1257 2897 sed
1270 2851 1352 2899 tamen
1366 2863 1410 2914 ego
1419 2863 1517 2916 quoqne
1529 2853 1610 2910 nutrio

866 2949 968 2999 pueros,
978 2948 1095 2998 uxorem,
1111 2949 1219 2997 servum,
1234 2949 1302 2998 aves,
1313 2951 1411 2996 oanem;

865 3023 979 3074 adulator
989 3024 1055 3074 euim
1067 3022 1150 3076 nullus
1162 3037 1231 3074 meas
1240 3025 1299 3076 terit
1307 3025 1404 3076 domos.

1154 3169 1192 3215 87.
1216 3179 1366 3221 EJUSDEK.

864 3295 889 3345 si
898 3309 946 3345 non
955 3295 1064 3345 ridemus
1077 3295 1152 3346 vitam
1165 3281 1308 3360 fugitivam,

864 3387 1044 3449 Fortunamque
1056 3385 1132 3435 scorti
1147 3385 1291 3449 reciprocis·
1294 3386 1410 3437 lluotilrus
1419 3388 1574 3454 qumagitur

863 3472 990 3524 dolorem
983 3472 1056 3536 ipsis·
1046 3473 1130 3523 -nobis
1138 3473 1274 3524 conflamus
1284 3487 1381 3540 semper

863 3561 974 3625 indignos
987 3560 1191 3624 quum-videmus
1206 3561 1334 3612 lelieiores.

1150 3699 1189 3745 ss.
1213 3705 1390 3756 asusnau„

863 3827 959 3890 Corpus
972 3828 1009 3876 est
1020 3825 1101 3890 passio
1115 3826 1204 3886 animi,
1220 3839 1303 3886 orcus,
1321 3826 1408 3888 latum,
1421 3825 1526 3890 llffldus,
1541 3831 1646 3878 necessi-

893 3917 919 3965 et
928 3915 1053 3966 vinculum
1067 3915 1176 3965 validum
1189 3919 1215 3966 et
1228 3915 1351 3966 cruciatus
1364 3915 1547 3979 quaestionum:
1581 3917 1646 3980 [tos.

1149 4095 1217 4149 84¹.
1236 4108 1353 4140 arnsnrrs.

864 4175 937 4228 Nil
914 4178 960 4227 nrsi
973 4185 1057 4226 ventus
1069 4176 1141 4225 horno
1159 4184 1209 4232 est,
1229 4175 1305 4224 hostis
1318 4175 1364 4225 sibi
1375 4177 1490 4226 maximus
1504 4179 1568 4244 ipse,

897 4262 927 4310 Et
939 4268 990 4309 loto
1002 4259 1056 4308 ritae
1069 4258 1114 4308 soit
1124 4256 1204 4306 nihil'
1198 4275 1223 4308 m
1233 4258 1319 4323 spatio.

1169 4357 1210 4408 85.
1226 4373 1339 4405 uuonan.

863 4442 938 4492 Morti
952 4458 995 4504 nos
1010 4441 1106 4506 alimur,
1116 4439 1188 4490 morti
1199 4456 1244 4490 nos
1253 4439 1302 4489 rita
1317 4451 1435 4503 reservat,

896 4526 990 4578 Utrine
1002 4526 1053 4590 lege
1062 4524 1125 4591 rapit
1134 4541 1192 4590 quas
1207 4523 1302 4573 laniena
1315 4540 1376 4574 sues.

1163 4627 1203 4685 87.
1223 4641 1337 4672 uusnaar.

898 4700 930 4748 Ni
942 4699 1060 4749 rideamus
1071 4698 1134 4748 alitis
1150 4699 1203 4749 vire
1214 4699 1306 4765 lugam,

899 4782 1024 4846 Scortique
1037 4798 1133 4848 semper
1147 4797 1214 4832 more
1224 4781 1344 4832 fortunam
1357 4784 1448 4840 lesem.

897 4867 997 4931 Semper
1006 4863 1088 4914 dolore
1097 4874 1191 4923 nosmet
1202 4864 1409 4926 excruciabimus,

898 4947 987 5011 Dignos
1001 4947 1078 4996 minus
1091 4946 1177 4996 llorere
1191 4956 1315 4995 cernentes
1327 4948 1409 5011 magis.

1169 5052 1209 5098 88.
1226 5065 1343 5100 uuonan.

860 5136 901 5182 Est
913 5132 993 5182 animo
1005 5148 1092 5197 corpus
1104 5141 1267 5191 tormentum,
1280 5131 1386 5191 vincula,
1402 5130 1490 5187 lutum.

893 5220 958 5268 Sura
971 5218 1034 5274 lues.
1045 5216 1108 5266 Ditis
1122 5215 1196 5280 regia,
1209 5231 1300 5278 carcer,
1311 5230 1379 5265 onru.
