3774 5914
401 422 527 486 CAPUT
547 422 597 483 IX.
620 419 904 482 EPIGRAMMATA
928 419 1265 483 DEMONSTRATIVA.
1586 433 1643 492 t03

92 563 128 620 καὶ
141 559 218 641 φωνὰς
228 557 335 616 κλέπτει
349 555 531 638 φθεγγομένων
543 554 674 634 μερόπων,

60 653 95 712 καί
106 651 138 728 μὴ
152 645 296 730 φαινόμενος
314 640 372 713 πόλις
386 647 554 726 φαινομένους
567 643 694 725 ἀφανίζει,

91 742 129 799 καὶ
142 739 175 815 μὴ
188 737 354 820 φαινομένους
369 739 404 802 εἷς
414 737 524 817 φανερὸν
537 733 672 816 προφέρει.

30 849 40 885 ν
60 827 91 889 Ὦ
101 833 159 899 ζοιῆς
172 831 286 907 ἀόριστος
300 828 327 884 έν
337 825 498 903 ἀνθρώποισι
512 823 639 898 reterri,

90 911 152 998 ipsp
164 920 202 976 ἐπ’
213 907 286 995 ἦμαρ
297 915 338 974 ἀεὶ
348 913 412 994 πρὸς
426 912 501 994 ζόφον
517 912 678 992 ἐρχομένων.

332 1054 395 1105 500.
415 1055 512 1102 Anno.

58 1181 145 1254 Μηκέτι
152 1175 323 1258 κληρονόμους
336 1175 476 1252 ὀνομάζετε
494 1173 588 1254 φέγγος
599 1177 725 1252 ὁρῶντας·

87 1270 138 1338 τοὺς
148 1270 168 1328 δ’
177 1266 385 1336 ἀποθνήσκοντας
398 1263 578 1345 κληρονόμους
590 1263 690 1339 λέγετε.
737 1318 743 1332 ,

56 1365 84 1424 Oi
93 1367 131 1419 νῦν
142 1358 293 1436 κληρονόμοι
306 1355 392 1422 νέκυες
407 1354 476 1434 μέγα
486 1355 577 1433 κέρδος
589 1353 693 1432 ἔχουσι,

86 1450 126 1522 τὴν
140 1446 300 1527 ἀναχώρησιν
312 1451 358 1505 τοῦ
372 1449 485 1523 μογεροῦ
494 1442 592 1524 βιότου.

333 1585 394 1635 001.
414 1587 509 1635 λΛΛΟ.

52 1711 100 1780 Τὴν
111 1709 179 1768 πόλιν
189 1711 212 1767 oi
222 1693 312 1773 νέκυες
324 1706 448 1786 πρότερον
462 1712 548 1776 ζῶσαν
564 1706 731 1787 κατέλιιψαν·

84 1805 149 1877 ἡμεῖς
162 1796 187 1856 δὲ
198 1800 290 1866 ζῶντες
303 1795 350 1867 τὴν
365 1799 440 1856 πολιν
456 1795 608 1877 ἐκφέρομεν.

275 1954 344 2004 502.
369 1946 561 2004 nanneni.

51 2080 157 2140 Κονδίτοο
171 2104 214 2156 μοι
228 2082 277 2140 δεῖ.
289 2080 330 2142 Τὸ
346 2079 500 2141 distenditur
512 2079 589 2140 πόοεν
601 2081 677 2162 ἔσχεν

82 2169 182 2246 τοῦνομα
192 2191 201 2246 ;
213 2174 261 2241 τῆς
275 2174 361 2250 φωνῆς
374 2169 430 2230 ἐστὶ
442 2170 493 2248 γὰρ
507 2171 644 2248 ἀλλότριον

49 2261 86 2329 τῆς
97 2261 142 2315 τῶν
156 2257 301 2328 Ἑλλήνων·
317 2262 339 2316 εἷ
360 2261 521 2334 Ῥωμαϊκῶς
540 2259 566 2318 δὲ
582 2262 714 2332 καλεῖται,

81 2347 185 2414 siricio
198 2347 307 2421 εἰδείης,
322 2346 548 2424 ‘Perprime-irum:
563 2349 611 2407 ὧν.

48 2437 161 2499 Σιιιίασον
173 2429 216 2498 οὖν
230 2462 278 2515 μοι
289 2443 375 2496 τοῦτο·
388 2438 418 2497 τὸ
431 2437 482 2518 γὰρ
494 2437 607 2518 κατέχον
620 2463 653 2516 με
667 2438 770 2516 νόσημα

78 2532 116 2586 τοῦ
127 2528 259 2607 στομάχου
275 2528 367 2607 χρῄζει
378 2529 469 2601 τοῦδε,
481 2527 601 2606 λέγουσι,
610 2533 702 2588 ποτοῦ.

285 2671 346 2721 503.
367 2673 427 2719 ΤΟΥ
446 2673 552 2721 ΑΠὈΥ.

47 2789 93 2846 Oix
109 2788 202 2863 ἀλόγοις
216 2791 244 2846 ἓν
264 2791 376 2869 διζόφοις
386 2789 496 2862 δύναμίν
512 2815 571 2850 τινα
587 2791 658 2850 θείαν

77 2869 133 2936 εἶναι
148 2879 220 2957 ἔφην.
239 2879 307 2942 xiii<
322 2885 382 2956 γοῦν
397 2883 410 2905 ’
429 2881 532 2960 δίζυρυν
545 2882 571 2938 έν
584 2877 681 2961 χρονίῳ

45 2966 134 3044 inedies
145 2963 284 3050 κόμν[οντι
296 2966 460 3049 τεταρταίῳ]
476 2971 608 3048 περιῆψα,

75 3054 114 3112 καὶ
126 3056 227 3134 γέγονεν
243 3056 365 3137 ταχέως,
379 3047 422 3116 οἷοι
437 3058 547 3135 κρότων,
561 3057 643 3135 ὑγιής.

267 3205 592 3264 503*.Ν1ΚΑΝΔΡοΥ.

42 3329 117 3389 'ieros
131 3331 178 3410 γὰρ
189 3335 299 3412 σφηκῶν
311 3331 419 3410 γένεσις,
436 3338 528 3414 ταῦροι
543 3332 570 3391 δὲ
581 3335 723 3410 μελισσῶν.

305 3469 368 3518 500.
387 3471 527 3519 nannum

310 3571 349 3623 et:
359 3571 400 3624 τὰς
417 3569 523 3624 Μούσας.

41 3684 162 3756 Καλλιόπη
175 3687 271 3766 σοφίην
286 3685 396 3765 ripariis<
412 3677 484 3764 εόρεν
496 3689 594 3754 ἀοιδῆς·

65 3860 121 3920 ipsas
131 3874 159 3905 en
170 3856 300 3906 hominurn
309 3857 409 3923 surripit
419 3873 461 3907 ore
472 3859 523 3907 dies
535 3877 541 3908 ε

39 3941 81 4004 tpss
93 3941 163 3991 triens
174 3944 220 4009 (est
234 3942 301 4008 quod
313 3940 411 4004 mirere)
425 3943 531 4007 patentia
546 3941 610 3992 delet

64 4024 174 4086 Plurima,
184 4041 288 4092 qumque
302 4025 378 4075 latent
390 4025 431 4074 iila
443 4035 526 4092 patere
542 4025 608 4077 iecit.

347 4161 479 4227 [numi

37 4267 146 4318 Terminus
156 4269 265 4319 incertus
274 4269 328 4318 ritm
344 4285 351 4320 :
363 4268 494 4319 certissima
503 4269 544 4318 sed
555 4285 607 4330 res,

63 4349 94 4399 nd
107 4351 215 4422 tenebras
226 4353 308 4408 nasci,
324 4367 384 4418 quos
399 4352 460 4418 parit
471 4352 511 4402 illa
522 4349 591 4403 dies'

322 4489 378 4536 500.
397 4503 507 4536 rrcenrr.

307 4572 345 4617 De
359 4571 442 4635 Beryti
453 4587 518 4618 casse.

36 4671 82 4722 ilios
93 4676 132 4740 qni
146 4687 280 4744 superant,
294 4677 400 4728 haeredes
413 4678 493 4728 dicere
508 4679 573 4741 noli;

61 4761 178 4824 Heredes,
190 4779 254 4828 quos
265 4779 328 4812 mors
337 4763 451 4825 abstulit,
464 4780 514 4813 esse
524 4775 591 4830 pinu.

35 4841 161 4904 tinguuntur
175 4843 233 4894 iicet
246 4844 352 4894 heoredes
365 4845 451 4894 dixisse
464 4845 597 4907 bonorum,

60 4921 129 4977 Tertia
142 4929 184 4995 qui
199 4930 257 4980 rita
272 4939 336 4980 tanta
352 4929 514 4980 lucrifaciunt.

194 5066 256 5113 ὕοι.
275 5063 351 5114 Aliud
363 5064 467 5132 ejrssdem
482 5067 627 5130 argumenti

35 5169 87 5218 Ante
96 5171 266 5238 relinquebant
279 5173 368 5234 risam,
378 5191 438 5239 quos
449 5191 512 5224 mors
522 5175 590 5233 rutis,
605 5176 687 5226 turbent
697 5193 705 5238 ;

62 5253 103 5304 Nos
112 5255 195 5306 urbem
206 5257 271 5319 riri,
281 5256 342 5323 proh
353 5257 431 5317 dolor,
441 5257 571 5310 efferimus.

889 562 916 611 et
927 574 1001 610 rocos
1013 562 1114 625 surripit
1125 563 1278 626 loquentium
1293 566 1573 626 articulate-honinem.

859 651 885 700 et
896 662 944 699 non
960 651 1108 714 conspicuus
1120 652 1266 716 conspicuos
1279 652 1360 715 delet,

890 740 916 788 et
929 751 977 788 non
990 739 1136 803 conspicuos
1145 739 1170 788 in
1179 740 1341 803 conspicuum
1354 742 1456 804 profert.

861 828 914 875 Heu
926 827 983 877 ritae
994 827 1146 878 indefinitam
1161 827 1227 878 inter
1237 828 1349 879 homiues
1362 832 1462 892 metum,

890 913 976 966 de-dio
987 916 1012 965 in
1026 915 1092 966 diem
1101 917 1132 966 ed
1142 916 1256 968 tenebras
1267 917 1463 982 progredientes.

1155 1065 1210 1110 500.
1235 1069 1348 1114 setun.

859 1189 894 1236 No
908 1187 959 1249 ism
975 1185 1079 1238 heredes
1091 1187 1214 1240 nominate
1227 1189 1310 1240 turem
1326 1189 1452 1248 ridentem

891 1287 977 1325 rerum
990 1276 1121 1328 inorientes
1136 1276 1210 1327 dicite
1218 1277 1331 1329 heredes.

860 1364 907 1420 Qui
919 1377 983 1413 nunc
993 1363 1097 1414 heredes
1109 1367 1201 1416 mortni
1216 1379 1331 1430 magnum
1340 1368 1438 1418 luorum
1450 1367 1551 1428 habent,

891 1452 1064 1501 recessum-ab
1077 1466 1142 1516 tegra
1155 1453 1215 1503 rita.

1157 1597 1212 1642 501.
1238 1603 1346 1647 setun.

861 1709 950 1759 Urbem
964 1709 1056 1759 mortui
1069 1711 1138 1773 prius
1148 1711 1273 1762 virentem
1283 1712 1449 1776 reliqnemnt3

889 1812 934 1848 nos
946 1811 1005 1849 roro
1013 1798 1125 1848 virentes
1143 1799 1230 1850 urbem
1246 1801 1381 1852 efferimus.

1137 1958 1191 2003 002.
1209 1955 1370 2005 PALLADAE.

858 2082 964 2132 condito
973 2083 1034 2134 mibi
1044 2097 1108 2148 opus
1116 2088 1163 2137 est
1180 2087 1313 2139 eonditum
1323 2101 1382 2139 vero
1393 2089 1458 2139 unde
1473 2089 1559 2142 hebuit

888 2177 994 2222 nornen?
1010 2172 1124 2236 atingun
1135 2177 1174 2226 est
1188 2176 1253 2225 enirn
1266 2176 1373 2227 alienum

858 2261 1015 2320 Grmoorum3
1027 2260 1049 2310 si
1062 2261 1136 2312 latine
1148 2265 1231 2313 autem
1247 2267 1359 2326 vocetur,

888 2348 941 2412 ipse
952 2349 1063 2410 sciveris,
1073 2364 1151 2413 qnurn
1161 2352 1196 2402 sis
1207 2353 1381 2404 latinissimus.

857 2437 970 2498 Praepara
981 2436 1056 2500 igitur
1070 2437 1232 2498 mintionem
1248 2453 1304 2490 narn
1314 2442 1358 2503 qui
1367 2442 1457 2492 invasit
1469 2457 1509 2494 me
1524 2444 1623 2495 morbus

888 2526 1009 2578 stomachi
1023 2530 1078 2592 eget
1087 2529 1170 2591 haece,
1181 2531 1259 2592 aiunt,
1274 2531 1380 2601 potione.

1130 2663 1186 2708 50³.
1208 2670 1358 2714 ntusonu.

856 2808 911 2855 iton
925 2807 1051 2858 immerito
1058 2809 1083 2858 in
1095 2808 1209 2872 dizyphis
1223 2811 1341 2862 virtutem
1353 2813 1478 2875 quandam
1489 2813 1598 2865 divinam

887 2895 968 2945 inesse
980 2895 1040 2946 dixi.
1057 2895 1117 2947 Heri
1131 2897 1197 2948 enirn
1211 2898 1344 2963 dierphum
1357 2901 1382 2950 in
1396 2901 1513 2954 diuturne

858 2983 927 3034 febre
937 2984 1057 3035 laboranti
1073 2986 1226 3052 [quartana]
1235 2987 1346 3052 alligari,

887 3075 913 3122 et
923 3073 1002 3123 erasit
1017 3074 1078 3136 cito,
1093 3078 1212 3138 tanquam
1227 3079 1307 3138 croto,
1324 3091 1407 3129 sanus.

1146 3213 1382 3266 503*.NICANDR1.
1432 3287 1433 3292 Ἰ

856 3347 917 3410 Equi
932 3347 997 3397 enim
1007 3350 1065 3398 sunt
1078 3361 1209 3412 vesperum
1223 3347 1305 3413 origo,
1316 3351 1380 3400 tauri
1399 3363 1458 3400 vero
1469 3365 1554 3416 apum.

1137 3487 1191 3536 504.
1211 3492 1350 3534 incenit.

1184 3594 1209 3638 tn
1225 3597 1304 3638 ttusas

854 3698 1102 3761 Calliope-scientiam
1115 3697 1207 3748 heroici
1221 3699 1314 3751 intonit
1330 3705 1430 3760 cantum

1150 3864 1206 3910 ios.
1222 3878 1349 3916 rernm.

854 3953 982 4003 Conditum
996 3953 1067 4016 sitio;
1080 3954 1122 4004 sed
1133 3971 1186 4020 quse
1200 3964 1281 4006 tarnen
1293 3955 1365 4020 hujus
1376 3957 1443 4022 origo

887 4035 1015 4086 Nominis?
1024 4035 1087 4088 hanc
1099 4052 1181 4086 rocem
1193 4038 1285 4087 Grecis
1297 4054 1365 4087 nosse
1377 4047 1455 4103 neget.

854 4123 893 4168 λιι
905 4135 952 4168 rox
962 4119 1006 4168 ista
1016 4118 1075 4168 fluat
1088 4118 1151 4168 Lutii
1160 4120 1277 4168 sermonis
1286 4119 1318 4169 ab
1328 4137 1384 4179 usu,

886 4202 1007 4252 Sermonis
1019 4201 1079 4251 Lstii
1089 4201 1180 4265 gioria,
1193 4201 1254 4250 scire
1264 4211 1331 4252 tuum
1346 4211 1390 4253 est.

854 4289 907 4334 Hoc
919 4299 976 4348 rogo
989 4284 1022 4332 nri
1037 4283 1118 4333 iacias.
1154 4287 1217 4334 Nom
1232 4299 1303 4350 quern
1317 4301 1382 4334 nunc
1397 4286 1474 4335 sentio
1486 4286 1600 4336 morbum

884 4365 1040 4427 Ventricuti,
1054 4374 1125 4430 potus
1137 4364 1190 4416 talis
1202 4381 1271 4431 egere
1284 4365 1373 4418 ierunt.

1146 4467 1203 4515 503.
1224 4482 1343 4516 rrusnsnr.

852 4559 955 4627 Zizypba
967 4576 1015 4610 non
1031 4559 1118 4608 frustra
1130 4568 1237 4608 sanctum
1253 4559 1311 4626 qnid
1326 4559 1418 4609 bebere
1431 4559 1554 4627 profabor,

885 4642 996 4693 Namnet
1008 4640 1062 4691 beri
1074 4641 1117 4691 tati
1128 4656 1181 4690 snm
1193 4641 1324 4690 medicatus
1332 4657 1379 4707 ope

852 4726 984 4775 Ardentem
994 4739 1066 4789 quem
1077 4739 1137 4772 saera
1146 4723 1187 4773 diu
1199 4733 1314 4788 quartano
1328 4723 1437 4786 tenebat,

886 4811 916 4856 Et
927 4806 1002 4856 valuit
1012 4806 1108 4868 subito,
1120 4806 1190 4872 quate
1199 4822 1243 4854 nec
1253 4805 1303 4870 ipse
1313 4809 1412 4856 Croton.

1179 4923 1309 4956 rrcnrnnr.

851 4994 925 5040 Orttrs
939 4987 995 5054 equi
1008 4987 1098 5054 vespis,
1109 4987 1193 5053 apibus
1206 4987 1337 5054 primordia
1350 4987 1419 5036 tauri.

1152 5090 1209 5146 504.
1229 5103 1338 5137 rrecnsrr.

1112 5181 1171 5241 Qnoe
1183 5187 1205 5225 et
1218 5186 1273 5242 qrrot
1286 5179 1373 5224 Mnsoe.

851 5262 958 5328 Calliope
972 5262 1081 5329 princeps
1092 5261 1166 5311 itcroi
1180 5261 1291 5310 carminis
1304 5270 1406 5310 ructor:
