3774 5914
769 429 1023 490 Aut'ttuteune
1046 427 1249 488 PAtnttNAE

462 569 525 618 664.
546 570 604 615 ΤΟΥ
623 569 727 618 ΑΥΤΟΥ.

519 668 558 723 Εἰς
571 669 599 716 τὸ
613 665 678 716 αὐτά.

210 786 314 847 ἸἰνθάδΙ
332 785 508 860 ἐριδμαίννυοι
523 783 590 848 τίνος
605 781 684 839 πλέον
699 778 794 838 ἔπλετο
810 784 910 860 χῶρος,

249 874 358 954 Νύμραι
372 873 503 943 Νηῖάδες,
515 864 627 946 Νηρείς,
636 869 791 948 Ἀδρυάδες·

209 971 265 1029 ταῖς
282 962 308 1020 δὲ
324 959 468 1036 θεμιστεύει
485 958 587 1034 μεσάτη
602 957 702 1036 Χάρις,
716 960 744 1016 οὒ
759 957 785 1016 δὲ
801 958 911 1024 δικάζειν

249 1041 334 1124 οἶδεν,
352 1049 408 1109 ε’πεί
420 1048 496 1120 ξονὴν
509 1047 600 1125 τέρψιν
614 1049 628 1104 ὁ
640 1049 724 1124 χῶρος
737 1044 801 1124 ἔχει.

364 1201 431 1250 665.
460 1188 628 1248 ΑΓΑΘΙΟΥ
651 1187 840 1245 ΣΧΟΛΑΣΤ.

515 1310 562 1364 ,Εἰς
574 1308 601 1356 τὸ
617 1305 683 1354 αὐτό.

211 1419 286 1496 Εἷξον
302 1428 359 1505 ἐμοὶ
375 1429 480 1506 Δάρνης
493 1427 560 1504 ἱερὸν
574 1424 683 1496 κλέτοις,
698 1423 784 1480 ἔκτοθι
802 1420 895 1480 πόντου

251 1516 388 1592 κείμενον,
405 1514 537 1594 ἀγραύλου
551 1515 646 1579 κάλλος
662 1511 834 1592 ἐρημοσύνης.

212 1604 325 1664 Ἔνθάδε
340 1604 390 1683 γάρ
408 1604 517 1683 Νύμφαι
533 1601 703 1680 δενδρίτιδες,
718 1599 747 1657 οἵ
759 1599 782 1658 τ’
794 1601 830 1657 ε’νὶ
846 1597 933 1678 πόντῳ

252 1688 378 1772 Νηρείδες
393 1693 468 1764 ξυνήν
481 1693 553 1750 θέντο
565 1691 733 1761 συνηλυσίην·

215 1782 279 1863 ἀμφ’
295 1781 342 1859 ἐμὲ
354 1782 405 1859 γάρ
419 1781 564 1860 μάρναντο·
580 1780 689 1838 δίκασσε
705 1777 731 1836 δὲ
746 1775 948 1855 Κυανοχαίτης,

253 1870 297 1928 καί
313 1894 346 1946 με
359 1871 422 1947 παρ’
438 1867 598 1948 άμροτίροιις
613 1864 709 1943 μέσσον
723 1863 815 1935 ἔθηκεν
827 1864 895 1943 ὅρον.

493 2012 555 2061 etto.
574 2011 714 2056 touton.

356 2121 394 2174 Εἰς
413 2124 488 2176 κῆπον
502 2117 598 2178 Ἔρωτα
617 2113 858 2178 προσαγορευόμενον.

216 2252 256 2311 Οὔ
271 2249 353 2325 μέγας
367 2249 419 2304 οὐδ’
433 2249 446 2303 θ
460 2243 563 2323 Ἔρως,
577 2241 635 2301 ἀλλ’
649 2241 771 2322 εὔχαρις·
784 2243 819 2306 ὡς
831 2238 876 2297 καὶ
891 2239 942 2313 ἐγώ
958 2259 997 2294 τοι

256 2337 284 2394 οὐ
297 2334 378 2412 μέγας
395 2335 420 2392 ἐν
436 2331 543 2403 κήποις,
560 2328 628 2388 άλλόι
644 2330 717 2408 γε’μω
730 2327 858 2407 χαρίτων.

324 2483 393 2534 667.
417 2471 585 2532 ΑΡΛΒΙΟΥ
606 2468 887 2529 ΣΧΟΛΑΣΤΙΚΟΥ.

509 2586 548 2640 Εἰς
563 2583 711 2646 προάστειον.

215 2713 317 2773 Ὕόοιτι
332 2735 377 2768 και
392 2710 501 2782 κήποισι
514 2707 559 2767 καί
575 2709 668 2766 άλσεσι
686 2707 731 2766 καὶ
749 2704 867 2784 Διονύσῳ

258 2801 302 2859 καί
316 2799 411 2859 πόντου
425 2798 520 2869 πλήθω
534 2797 648 2870 γείτονος
661 2795 818 2876 εὐφροσύνῃ.

219 2885 327 2966 Τερπνθι
344 2885 372 2945 δέ
387 2909 432 2960 μοι
445 2885 521 2963 γαίης
536 2909 565 2944 τε
582 2883 628 2944 καί
643 2884 669 2953 ἐξ
685 2884 745 2950 ἁλὸς
761 2884 868 2941 άλλοθεν
884 2882 960 2948 ἄλλος

258 2974 303 3034 καί
317 2973 424 3054 γριπεθς
436 2973 520 3055 ὀρέγει
537 2975 609 3052 δῶρα
627 2973 673 3031 καί
686 2972 837 3051 ἀγρονόμοι.

223 3063 292 3130 Τοὺς
304 3064 326 3120 δ’
342 3064 369 3119 ἐν
383 3062 440 3137 ἐμοὶ
456 3061 599 3140 μίμνοντος
619 3059 635 3131 ’λ
651 3061 758 3138 ὀρνίθων
776 3085 815 3126 τις
831 3061 940 3132 ἀείδων,

259 3152 276 3223 ἢ
294 3147 375 3230 γλυκθ
391 3149 534 3228 πορθμήων
548 3150 653 3229 ιρθέγμοι
670 3148 839 3228 παρηγορέει.

355 3303 422 3354 668.
449 3293 651 3352 ΜΑΡΙΑΝΟΥ
673 3292 866 3351 Exoritur.

283 3409 321 3463 Εἰς
335 3408 474 3470 προάστειον
490 3407 662 3469 ὀνομαζόμενον
675 3405 770 3470 Ἔρωτα
781 3405 804 3454 ἑν
817 3404 939 3466 Ἀμασείᾳ.

221 3524 259 3590 Ἶί
277 3531 357 3590 καλὸν
375 3530 454 3596 ἄλσος
475 3526 609 3606 Ἔρωτος,
623 3527 688 3586 ὅπου
708 3527 778 3586 καλά
793 3529 900 3606 δένδρεα
922 3534 1003 3587 ταῦτα

262 3617 347 3698 πρηθς
365 3617 506 3677 ἐπιπνείων
523 3618 660 3692 ἀμφιδονεῐ
675 3617 805 3695 Ζέρυρος·

220 3696 268 3786 ’ἧχι
280 3708 326 3765 καὶ
341 3707 443 3786 ἑρσήεις
458 3705 641 3781 άμαρύσσεται
654 3703 743 3760 άνθεσι
758 3701 870 3776 λειμὼν,

262 3795 358 3854 πουλὺν
374 3793 532 3868 ἰοστεφάνων
548 3793 646 3865 κόσμον
664 3791 732 3857 ἀνείς
747 3792 884 3849 καλύκων·

447 3965 450 3970 ’
516 3961 575 4015 664.
596 3975 709 4008 ωυεοιιι.

546 4040 685 4091 Herodem.

225 4133 267 4181 Cui
281 4132 346 4180 locus
359 4129 399 4178 iric
413 4129 497 4188 cedat,
510 4141 595 4190 magno
607 4124 731 4175 molimine
743 4133 838 4173 certent

258 4215 375 4274 Νοῑοθοο,
391 4211 462 4262 Nerei
479 4221 566 4268 eoetus,
581 4208 766 4274 Hamadryades.

225 4298 308 4348 Gratia
322 4297 383 4346 lectu
396 4295 439 4344 iuit
449 4294 532 4358 judex,
544 4291 653 4341 decidere
666 4291 732 4340 iitenr

258 4380 303 4429 Sed
316 4379 408 4444 nequit.
443 4376 507 4424 ttiuc
518 4374 584 4422 sedes
596 4373 706 4422 omuibus
717 4388 783 4438 aequa
801 4381 889 4420 munet.

450 4458 507 4505 665.
526 4472 640 4504 Auernis:
654 4471 782 4502 ‹intr-oure.

549 4536 685 4585 Daeoden.

226 4625 289 4676 Cede
301 4624 360 4673 urilri
369 4622 482 4689 [taphnes
495 4637 588 4669 sucrum
598 4636 697 4682 iremus,
710 4634 805 4684 aequorc
818 4618 886 4680 louge

260 4707 352 4758 Deserti
368 4706 438 4755 iacies
450 4705 570 4754 irrxuriose
586 4703 631 4751 ioci
647 4719 653 4752 :

228 4795 278 4840 Hac
289 4789 335 4839 sibi
345 4805 400 4838 ueni
410 4787 534 4837 ceiebreut
545 4785 665 4834 cornnruui
677 4784 760 4848 gaudie
772 4783 827 4832 sede

263 4873 366 4921 Forruosi
382 4873 501 4935 Druodruu
514 4869 678 4931 Naiadumque
690 4865 768 4915 chori.

228 4959 263 5003 De
276 4971 313 5002 rne
327 4954 354 5002 tis
366 4953 459 5002 sirerut:
497 4951 599 5000 rucdiunr
614 4950 730 4998 seritentiu
740 4949 810 5013 jussit

261 5035 366 5101 Neptuni
378 5034 441 5082 itttttc
455 5033 553 5097 geuriuis
566 5033 674 5098 portibus
686 5047 736 5080 esse
750 5033 836 5080 iocurn.

525 5117 582 5165 666.
602 5131 711 5162 incuset.

440 5203 475 5246 De
489 5197 557 5246 laer-ro
573 5198 610 5265 qui
625 5195 702 5244 dictus
715 5201 799 5244 Aerior.

230 5287 284 5334 Nou
298 5299 393 5348 oraguus
404 5283 443 5332 sed
454 5284 528 5332 duicis¹
540 5288 615 5330 Artior·
627 5296 731 5346 tutoque.
767 5280 803 5328 Sic
817 5287 839 5325 et
852 5277 876 5325 iu
890 5283 965 5324 trortts
979 5288 986 5325 t

1315 591 1368 636 out.
1393 596 1540 638 EJUSDEM.

1378 705 1403 745 tn
1413 701 1480 746 idern.

1038 821 1083 868 tue
1094 821 1206 879 certant,
1220 820 1291 882 cujus
1305 819 1382 883 magis
1394 819 1521 878 siiturus,

1068 905 1187 971 nymphe
1196 907 1319 968 driades,
1330 906 1428 968 Nereis,
1440 905 1637 970 Hamadryades,

1038 995 1078 1046 tris
1093 997 1177 1056 eutem
1187 995 1304 1060 jos-dicit
1318 994 1402 1044 medie
1413 994 1516 1052 Charis.
1532 1008 1576 1044 nec
1589 995 1699 1057 judicare

1070 1084 1154 1146 novit,
1166 1097 1243 1148 uuum
1257 1097 1414 1134 communem
1429 1083 1617 1134 oblectationem
1637 1083 1706 1132 loeus
1722 1083 1805 1135 tabeat.

1206 1229 1260 1273 dds).
1280 1225 1429 1272 ncn'ttttffi
1445 1223 1656 1270 scuottsttct.

1380 1330 1407 1370 in
1417 1327 1486 1370 idern.

1041 1456 1106 1507 Cede
1118 1456 1178 1507 mitri
1194 1457 1309 1522 Depiroes
1323 1471 1391 1507 secer
1406 1457 1489 1517 cottis,
1505 1461 1574 1508 citro
1588 1461 1692 1521 pontruu

1072 1547 1142 1607 situs,
1152 1547 1255 1610 agrestis
1269 1546 1344 1596 decus
1356 1545 1501 1596 solitudinis.

1041 1636 1087 1683 Htc
1098 1633 1162 1683 enirn
1172 1635 1290 1696 Nympiue
1306 1633 1422 1684 arborum
1435 1637 1459 1683 et
1472 1647 1529 1696 quse
1541 1634 1566 1684 in
1575 1639 1651 1698 ponto

1072 1722 1188 1772 Nereides
1198 1735 1352 1772 communem
1364 1722 1524 1772 instituerunt
1538 1726 1697 1772 conventum.

1042 1810 1114 1860 circu
1127 1824 1166 1860 me
1176 1811 1241 1862 enirn
1254 1813 1380 1861 certarunt
1394 1831 1400 1860 :
1412 1809 1534 1874 judicarit
1547 1814 1630 1861 eutem
1643 1814 1774 1875 Neptunus,

1075 1901 1101 1947 et
1112 1911 1151 1948 me
1160 1898 1230 1961 juxto
1244 1901 1360 1961 utrasque
1372 1897 1482 1948 medium
1493 1898 1551 1948 iecit
1560 1899 1705 1948 tenninurn.

1331 2049 1384 2094 θθθ.
1407 2055 1542 2097 iNCERTI.

1230 2157 1257 2199 tn
1272 2155 1363 2200 horturn
1377 2161 1482 2202 Amorem
1492 2157 1637 2213 enuntiatum.

1045 2280 1097 2326 Non
1117 2291 1219 2340 magnus
1234 2292 1280 2327 nec
1300 2282 1375 2328 Antor
1395 2282 1445 2339 eu,
1466 2279 1509 2328 sed
1521 2283 1667 2329 venustus:
1691 2279 1726 2328 sic
1741 2282 1765 2328 et
1778 2292 1812 2340 ego

1077 2369 1124 2404 non
1144 2369 1247 2418 mugnus
1261 2356 1324 2405 inter
1337 2355 1436 2417 hortos,
1452 2370 1537 2406 terunt
1562 2356 1720 2420 plenus-sum
1736 2357 1812 2419 gratiis.

1236 2501 1289 2546 (idi.
1308 2499 1411 2547 ARABH
1428 2501 1641 2548 set-totnstht.

1339 2611 1363 2651 tn
1375 2607 1536 2651 suburbanum.

1047 2724 1138 2784 Aquis,
1153 2727 1178 2772 et
1195 2722 1288 2783 inertis,
1305 2726 1331 2773 et
1347 2722 1418 2782 lucis,
1429 2725 1455 2772 et
1472 2723 1582 2777 Baccho,

1078 2815 1104 2861 et
1120 2811 1188 2874 ponti
1206 2809 1303 2860 abundo
1320 2811 1396 2860 ricini
1413 2810 1595 2860 benevolentia.

1049 2900 1162 2950 iucunde
1173 2902 1255 2950 autem
1269 2900 1330 2949 mihi
1342 2914 1356 2950 e
1369 2904 1484 2962 terraque
1498 2904 1524 2950 et
1535 2900 1596 2948 nturi
1609 2899 1709 2949 aliunde
1724 2899 1781 2948 eiius

1079 2992 1105 3040 et
1113 2991 1221 3053 piseeior
1234 2989 1336 3053 porrigit
1347 2989 1411 3039 dona
1423 2992 1449 3039 et
1461 2988 1574 3052 agricola.

1050 3081 1079 3126 et
1094 3077 1191 3140 eos-qui
1208 3077 1234 3126 in
1251 3091 1290 3127 nie
1303 3078 1403 3126 ruanent
1416 3079 1458 3126 aut
1472 3076 1554 3126 arium
1571 3076 1651 3139 aliquo
1665 3089 1768 3137 canens,

1080 3169 1123 3215 aut
1138 3165 1217 3216 dulcis
1233 3165 1371 3214 navitarum
1388 3165 1485 3227 loquela
1500 3165 1599 3214 mutect.

1229 3313 1283 3361 θθθ.
1302 3311 1431 3358 ΜΑΗΙΑΝΙ
1446 3310 1657 3360 settotusttct.

1171 3415 1196 3458 in
1206 3413 1347 3464 suburbium,
1355 3411 1416 3469 quod
1427 3414 1521 3456 coeatur
1529 3416 1606 3464 Amor,
1617 3412 1717 3454 inusto.

1049 3537 1112 3586 Sarte
1122 3535 1254 3600 pulchrum
1262 3549 1350 3586 neurus
1360 3536 1464 3597 Amoris,
1474 3535 1516 3584 ubi
1524 3535 1638 3598 pulcinos
1649 3533 1749 3582 arbores
1757 3531 1817 3579 husu

1081 3623 1143 3674 lenis
1157 3623 1285 3688 adspirans
1295 3623 1466 3688 circumegitut
1476 3623 1617 3688 Zephyrum

1050 3712 1093 3761 ubi
1108 3713 1135 3763 et
1143 3712 1295 3763 rorulentum
1307 3711 1424 3762 scintillat
1438 3711 1538 3761 dotibus
1553 3713 1664 3774 protum,

1082 3802 1186 3852 muttum
1195 3803 1450 3852 violis-coronatarum
1461 3812 1576 3849 ornemeu
1590 3797 1699 3861 pandens
1710 3809 1820 3850 resanuit

1086 3962 1133 4012 Situ
1148 3963 1204 4012 iicet
1214 3964 1278 4013 iruud
1289 3977 1399 4026 magnus,
1411 3960 1485 4025 gratia
1498 3974 1581 4022 mogus
1595 3974 1647 4006 ineo
1662 3967 1709 4005 est.

1290 4100 1348 4158 667.
1368 4115 1449 4146 nninn
1467 4111 1595 4145 οιιιτοιτιε.

1345 4193 1374 4237 lu
1388 4185 1534 4236 suburbium.

1053 4283 1094 4328 nte
1107 4296 1190 4329 nemus
1202 4279 1332 4335 exhiiuret.
1348 4279 1473 4343 fontesque
1489 4288 1513 4327 et
1527 4275 1635 4326 Bocchus
1649 4284 1673 4323 et
1688 4272 1766 4327 horti.

1087 4366 1117 4411 Et
1128 4363 1158 4412 de
1172 4363 1250 4412 vicino
1266 4379 1318 4428 qiroe
1333 4361 1397 4410 veuit
1409 4377 1468 4410 oure
1482 4359 1552 4408 niori.

1053 4451 1083 4495 Et
1098 4446 1157 4495 ruilri
1169 4447 1279 4496 certatim
1291 4447 1320 4495 de
1336 4456 1399 4495 terro
1412 4445 1490 4508 deque
1502 4442 1622 4508 proirrudo

1088 4531 1193 4580 Piscator
1207 4529 1306 4579 mittunt
1321 4545 1424 4590 munus,
1437 4538 1462 4577 et
1473 4527 1586 4591 agricole.

1054 4617 1100 4664 iiie
1114 4615 1289 4680 requiescentes
1304 4613 1409 4662 obiectet
1423 4611 1529 4661 carmine
1542 4610 1609 4658 tutus

1088 4697 1203 4758 Portitor,
1218 4707 1260 4746 nut
1272 4696 1401 4745 tremulum
1414 4710 1466 4758 quire
1478 4692 1632 4742 modulantur
1646 4705 1710 4737 οιίιε.

1278 4829 1336 4875 668.
1358 4841 1466 4873 uiuitur
1485 4837 1612 4871 onirours.

1121 4929 1157 4972 De
1170 4920 1305 4972 ειιόυνθοιιο
1318 4920 1365 4968 aiio
1380 4926 1504 4979 Amaseoe,
1516 4917 1554 4965 cui
1567 4931 1650 4964 uourcu
1665 4910 1766 4979 Cupide.

1055 5026 1129 5074 iiuice
1141 5023 1299 5090 Cupidineum
1315 5034 1397 5070 uentus
1408 5017 1469 5078 hoc,
1482 5014 1522 5064 ubi
1536 5013 1608 5062 rnoiie
1622 5027 1745 5060 ειιιιιιϊοιιι

1089 5107 1209 5155 ΑιΙιοτεοε
1222 5102 1326 5169 Zephyri
1341 5107 1475 5150 contereret
1489 5109 1657 5146 duracenses:

1057 5189 1173 5254 Purpurei
1186 5187 1256 5236 tiores
1270 5186 1312 5234 ubi
1328 5184 1419 5233 roscida
1432 5191 1500 5246 pratu
1514 5189 1643 5242 concirent,

1089 5276 1117 5322 Et
1131 5272 1204 5320 riolos
1217 5271 1279 5320 inter
1290 5287 1315 5318 se
1327 5284 1379 5316 rosa
1393 5267 1457 5316 rottir
1470 5263 1553 5314 humo.
