3734 5920
297 475 424 538 CAPUT
444 479 495 540 XI.
517 479 803 544 EPIGRAMMATA
824 483 1056 548 convivalia
1079 489 1127 548 ET
1146 491 1352 554 illitisolalh.

71 609 159 684 ήρεσε,
174 610 222 667 κᾶν
237 610 314 690 εἴπῃ,
331 639 343 661 ν
360 615 438 686 μῆνιν
453 611 523 672 άτιδε
534 613 581 671 θεά
591 645 618 694 a,

38 701 90 758 ἁλλ’
102 697 133 767 ἢν
145 696 182 772 μή
197 697 322 776 Πριάμου
334 722 373 765 τις
387 699 436 779 ἔχῃ
450 701 543 780 χρόνον
559 702 757 782 ήμιφάλακρος,

70 783 141 854 izai
155 783 248 863 κυρτὸς
260 784 338 861 άγαν,
349 787 379 843 ού
392 786 480 844 δύνατ’
492 786 564 864 ἄλφα
577 789 696 869 γράρειν.

38 877 66 935 et
78 873 100 931 δ’
109 871 189 938 ὄντως
201 870 284 939 ούτως
294 875 366 932 τοῦτ’
381 873 434 932 ἔστ’
449 873 520 954 ἔχον,
531 864 553 935 ai
566 875 649 937 ύπατε
664 881 731 951 Ζεῦ,

71 961 102 1026 εἰς
115 957 175 1028 τοὺς
189 958 306 1031 κηλήτας
321 960 428 1041 ἔρχεται
439 965 456 1032 ἡ
469 963 558 1044 σορία.

281 1107 341 1157 133.
362 1111 421 1156 ΤΟΥ
440 1113 547 1161 ΑΥΤΟΥ.

34 1235 136 1307 Τέδνηκ’
151 1235 299 1316 Εὐτυχίδης
313 1239 327 1295 ὁ
340 1238 513 1321 μιλογράρος.
555 1243 590 1301 Οἱ
604 1239 672 1300 κατδι
687 1250 765 1320 γαῖαν

70 1324 178 1402 φεύγετ’·
193 1323 263 1403 ἔχων
277 1323 347 1405 ᾠδάς
359 1323 464 1405 ίρχεται
477 1328 640 1406 Εὐτυχίδης·

35 1413 75 1470 καὶ
87 1411 193 1490 κιθάρας
204 1416 276 1493 αύτῷ
290 1411 426 1481 διετάξατο
440 1424 658 1494 συγκατακαῦσαι

69 1498 181 1572 δώδεκα,
194 1498 240 1558 καὶ
251 1499 344 1568 κίστας
358 1498 518 1561 εἰκοσιπέντε
530 1502 629 1581 νόμιον.

36 1589 85 1648 Νῦν
95 1591 155 1665 ύμῖν
167 1590 181 1646 ὁ
191 1588 289 1667 Χαίρων
301 1588 456 1660 ἐπελήλυθε·
469 1594 520 1649 ποῦ
531 1615 572 1660 τις
585 1589 686 1672 ἀπέλθῃ

1 1687 2 1690 ’
68 1675 163 1747 λοιπὸν,
174 1674 231 1735 ἐπεὶ
244 1674 330 1758 χάδην
345 1676 491 1756 Εὐτυχίδης
503 1675 625 1757 κατέχεις

281 1821 343 1872 134.
363 1824 423 1870 ΤΟΥ
440 1825 546 1872 ΑΥΤΟΥ.

36 1943 171 2024 Ἄρχάμεθ,
184 1948 348 2027 Ἦλιάδωρε·
361 1948 499 2027 ποιήματα
514 1951 643 2026 παίζομεν
658 1951 726 2012 οὕτω

69 2040 148 2094 ταῦτα
159 2035 224 2115 πρὸς
235 2036 375 2106 ἀλλήλους.
420 2035 579 2119 Ἦλιάδονρε,
593 2040 686 2112 θέλεις,

33 2113 120 2180 τλσσον
134 2123 180 2195 ἴθ’,
190 2122 225 2190 si<
238 2146 283 2182 κεν
295 2127 391 2182 θᾶσσον
406 2123 511 2205 ὀλέθρου
568 2126 613 2185 καί
627 2126 735 2206 γὰρ’ἔμ’
749 2128 806 2210 ὄψει

69 2210 306 2292 μακρορλυαρητήν
321 2210 551 2293 Ἡλιοδιυράτερον.

285 2358 348 2408 135.
367 2360 428 2406 ΤΟΥ
443 2360 550 2408 ΑΥΤΟΥ.

37 2479 144 2554 θίηκίτι,
160 2482 271 2558 μηκέτι,
286 2483 397 2564 Μάρκε,
408 2484 438 2544 τδ
451 2484 566 2558 παιδίον,
579 2487 638 2545 ἀλλ’
650 2487 696 2563 ἐμὲ
708 2487 806 2548 κόπτον

69 2569 108 2627 τὸν
123 2569 190 2628 πολὺ
204 2573 336 2650 τοῦπαρὰ
351 2572 392 2632 σοὶ
406 2573 557 2655 νεκρότερον
570 2575 685 2637 τεκνίου.

37 2659 75 2722 Εἰς
85 2655 131 2732 ἐμὲ
145 2663 189 2715 νῦν
202 2655 306 2737 ἐλέγους
320 2659 390 2720 ποίει
402 2660 493 2736 πάλιν,
510 2665 545 2728 εἷς
560 2661 608 2742 ἐμέ
622 2664 744 2742 θρήνους,

68 2744 141 2821 δήμια
149 2791 158 2823 ,
173 2747 218 2806 τὸν
232 2748 342 2829 στιχίνιρ
356 2747 518 2828 σραζύμενον
532 2750 647 2832 θανάτῳ.

35 2836 82 2892 Τοῦ
96 2838 140 2892 σοῦ
154 2833 207 2912 γδιρ
220 2833 319 2916 πάσχω
333 2841 427 2916 νεκροῦ
441 2836 530 2917 χάριν,
545 2829 587 2897 οἷα
601 2839 707 2900 πάθοιεν

1 2964 3 2993 3
68 2924 90 2979 οί
100 2920 301 2991 καταδείξαντες
318 2923 407 3000 βιθλία
420 2925 465 2982 καὶ
480 2924 626 3002 καλάμους.

1 3105 3 3159 y
285 3059 343 3111 iso.
365 3063 424 3108 ror
442 3063 547 3110 arros.

1 3161 3 3201 l
35 3185 87 3264 Οὐχ
99 3184 168 3244 οὕτω
180 3187 326 3267 κακοεργὸν
341 3187 537 3266 ἐχαλκεύσαντο
551 3190 686 3271 μάχαιραν

1 3271 3 3306 ί
69 3273 211 3354 ἄνθρωποι,
222 3275 265 3333 δεδι
278 3274 325 3341 τθς
337 3273 459 3350 ἐξαπίνης
473 3275 591 3356 ἐνέδρας,

1 3417 2 3430 ,
36 3348 81 3419 οἷον
94 3361 252 3442 ἀκήρυκτον,
271 3361 473 3444 Καλλίστρατε,
488 3365 580 3424 καὶσὺ
595 3368 746 3446 προσελθὼν

69 3457 144 3515 ποιεῖς
156 3472 202 3528 μοι
216 3453 328 3532 φονικῶν
342 3449 491 3532 ἑξαμέτρων
505 3453 630 3531 πολεμον.

37 3537 172 3614 Σύλπιγξον
186 3539 289 3618 ταχέως
304 3539 487 3612 ἀνακλητικόν·
498 3543 533 3608 εἰς
548 3543 645 3622 άνοχδις
656 3545 706 3625 γδιρ

68 3626 108 3684 καὶ
122 3626 244 3707 Πρίαμος
258 3627 375 3694 κλαύσας
385 3627 397 3650 '
412 3630 529 3708 ἡμερίων
541 3628 645 3710 ίτυχεν.

1569 503 1625 563 too

882 627 977 690 placat,
988 628 1084 679 efimud
1096 628 1185 680 dicat«
1201 633 1264 682 tram
1276 646 1336 684 canc
1350 634 1396 684 dea
1412 653 1438 696 νς

852 717 896 766 sad
907 717 954 768 nisi
968 717 1056 769 Priami
1068 719 1189 784 quispiam
1200 722 1289 774 habeat
1301 737 1377 776 annos
1392 725 1552 789 semicalvus,

883 805 1011 857 autetiam
1020 820 1112 858 currus
1120 809 1193 859 ualde
1204 813 1254 871 alt,
1264 825 1311 862 uon
1324 814 1406 876 potest
1417 813 1489 878 alpha
1502 816 1618 868 scribere.

852 893 876 943 si
888 896 971 944 autem
981 907 1067 946 revera
1076 895 1113 946 sic
1122 909 1149 946 se
1158 910 1198 947 res
1208 896 1297 960 habet,
1309 913 1325 950 o
1337 913 1433 952 summe
1444 905 1566 967 luppiter,

883 982 909 1031 in
921 982 1133 1034 hemioaosscucs
1146 985 1216 1036 uadit
1229 987 1323 1051 sophia.

1133 1129 1185 1176 133.
1208 1136 1354 1182 altisonis.

852 1255 919 1306 Ohiit
931 1256 1093 1321 Eutychides,
1103 1260 1524 1327 melicorum-carminumscriptor.
1542 1264 1633 1314 latero·

884 1335 960 1402 sugite
975 1355 981 1386 :
995 1337 1090 1390 habens
1100 1340 1161 1392 odas
1171 1341 1239 1392 venit
1251 1342 1413 1406 Eutychides;
1456 1344 1520 1408 [mm
1533 1345 1632 1408 incolas,

853 1427 878 1474 ot
890 1423 998 1476 citharas
1007 1427 1053 1478 sibi
1062 1429 1180 1493 praecepit
1190 1443 1240 1480 una
1252 1430 1395 1482 comburere

883 1512 1025 1576 duodecim,
1039 1519 1065 1567 et
1076 1518 1152 1568 cistas
1163 1517 1411 1583 quinque-et-vlginti
1420 1521 1557 1572 modorum.

840 1605 921 1654 ,tunc
931 1603 1039 1656 demum
1048 1619 1095 1658 vos
1106 1608 1201 1658 charon
1209 1607 1310 1672 corripit
1321 1629 1327 1658 :
1337 1623 1387 1674 quo
1396 1612 1452 1674 quis
1463 1613 1552 1664 evadat

881 1687 1009 1754 deinceps,
1024 1705 1101 1755 quum
1115 1696 1141 1743 et
1152 1693 1244 1745 interos
1255 1694 1405 1757 Eutychides
1419 1697 1547 1750 obtineat?

1133 1833 1185 1878 134.
1209 1841 1358 1883 illustram.

854 1955 997 2022 incipimus,
1009 1958 1153 2020 Heliodoro,
1167 1966 1280 2026 poemata
1291 1964 1401 2016 ludimus
1412 1967 1449 2016 sic

882 2044 925 2096 illa
936 2047 1000 2097 inter
1012 2061 1064 2097 nos.
1077 2047 1221 2110 Heliodoro,
1234 2049 1323 2102 visne?
1477 2055 1526 2119 [mc
1540 2057 1634 2109 ridebis

855 2133 953 2195 Propius
973 2133 1106 2196 accedant
1114 2135 1188 2187 citius
1198 2137 1242 2188 leti
1250 2140 1394 2190 tervisinam
1404 2143 1634 2207 ottinpm:etenim

882 2219 1162 2286 prolixum-nugatorem
1177 2227 1271 2290 te-tpso
1285 2227 1486 2282 Heliodorlorcm.

1136 2363 1188 2412 135.
1212 2372 1356 2416 aduentu.

852 2497 973 2561 Nonjam,
987 2513 1035 2549 nou
1044 2505 1109 2565 jam,
1124 2503 1219 2565 Marce,
1230 2501 1374 2568 puerulum,
1384 2508 1429 2558 sed
1442 2523 1482 2560 mc
1494 2511 1595 2575 plange,

882 2585 961 2636 multo
974 2588 1052 2652 magis
1064 2590 1110 2640 illo
1123 2590 1188 2655 apud
1199 2595 1226 2643 te
1237 2596 1363 2646 mortuum
1372 2595 1455 2647 filiolo.

853 2675 880 2721 ln
890 2686 930 2724 me
939 2686 1004 2724 nuuc
1013 2676 1095 2741 elegos
1105 2677 1144 2728 sac
1153 2693 1251 2736 rursus,
1262 2681 1287 2732 iu
1299 2695 1340 2734 mc
1347 2682 1463 2748 θυοιιοε,

883 2773 898 2810 o
909 2762 1033 2823 carnifex,
1044 2767 1187 2818 versicolori
1199 2773 1334 2822 mactatum
1350 2771 1408 2823 leto.

852 2849 898 2899 lui
911 2849 976 2900 enim
992 2852 1072 2916 patior
1084 2855 1176 2905 mortui
1188 2869 1274 2918 causa,
1289 2860 1372 2922 qualia
1385 2861 1612 2928 utinam-patiuntur
1655 2921 1658 2929 ,

883 2937 1107 3001 qui-monstrarunt
1120 2941 1215 2995 libellos
1225 2947 1251 2996 et
1259 2946 1375 2998 calamos.

1133 3084 1186 3131 136.
1208 3094 1356 3138 muscast.

853 3215 904 3262 Non
913 3213 947 3263 ita
958 3214 1097 3268 maleficum
1110 3220 1277 3282 procuderuut
1287 3237 1371 3275 ensem

882 3297 1006 3364 homines,
1020 3306 1118 3367 propter
1127 3306 1221 3358 subitas
1233 3309 1349 3374 insidias,

768 3451 794 3461 „
852 3387 923 3449 quale
934 3388 1117 3454 siue-induciis,
1129 3395 1283 3460 Callistrato,
1295 3403 1321 3450 et
1329 3401 1358 3451 tu
1368 3403 1471 3454 adortus

882 3475 941 3527 sacis
952 3477 1014 3530 mihi
1024 3479 1180 3534 funestorum
1192 3483 1392 3541 hexametrorum
1402 3490 1502 3544 bellum.

852 3565 918 3615 Caue
929 3565 978 3616 cito
987 3568 1098 3632 receptui
1110 3591 1115 3620 :
1126 3572 1151 3622 in
1161 3571 1275 3626 inducias
1284 3576 1348 3627 enim

881 3654 908 3703 et
918 3653 1031 3706 Priamus
1044 3655 1185 3711 lacrimatus
1194 3661 1268 3714 mites
1279 3663 1363 3716 hostes
1373 3670 1520 3719 est-nactus.

1 3787 2 3790 ς
38 3759 1626 3812 Ἣ

63 3812 208 3877 Despiciam,
221 3814 329 3878 quamvis
336 3818 410 3863 Arum
419 3816 555 3880 Virumque
566 3828 653 3868 canant
665 3835 671 3869 :

36 3893 127 3954 Qni,nisi
138 3894 192 3959 quis
202 3894 283 3943 cairus
295 3894 429 3961 Priamique
441 3905 536 3946 euectus
545 3899 574 3947 ad
588 3915 664 3950 annos

63 3977 147 4024 Cursus
159 3975 190 4030 it,
206 3973 286 4040 Alphe
298 3975 374 4040 probe
385 3977 491 4027 scrihere.
507 3993 575 4045 posse
583 3990 678 4045 negant,

36 4056 56 4104 Si
68 4073 142 4106 aenum
155 4067 329 4117 memorant,o
343 4059 446 4110 inanime
458 4069 546 4117 rector,
561 4062 683 4129 habetque

66 4141 105 4188 iles
116 4139 162 4198 ita,
174 4139 225 4203 jam
239 4139 323 4189 doctos
335 4139 420 4191 hernia
431 4142 481 4192 sola
495 4141 562 4196 iacit.

276 4323 278 4330 .
311 4282 365 4330 133.
381 4297 497 4334 nussam.

40 4412 118 4462 aradis
128 4413 271 4479 Eutychides
280 4415 368 4480 lyricus
383 4433 390 4466 ι
404 4415 477 4482 fugite
488 4435 560 4484 ocyus
572 4422 671 4472 umlrrae.

65 4499 112 4545 lam
127 4498 223 4547 veniens
236 4499 345 4548 modulos
359 4499 451 4550 adferet
465 4502 618 4569 Eutychides.

39 4577 131 4628 (iderunt
141 4581 210 4631 cistas
223 4581 419 4648 vigintiquinque
431 4585 542 4652 lyrasque

66 4662 136 4712 Bisrsx
147 4665 238 4731 imponi
245 4665 315 4730 jussit
328 4666 353 4716 in
366 4667 421 4730 igue
431 4683 484 4718 suo.

41 4746 70 4792 lla
80 4747 199 4797 mamille
209 4745 306 4798 Charon
320 4763 326 4797 :
343 4747 374 4797 ah
384 4765 456 4814 quem
473 4765 569 4816 sperare
583 4764 706 4820 receptum

66 4831 112 4877 iam
122 4830 199 4890 datur,
210 4830 345 4898 Eutychide
356 4832 418 4882 Ditis
430 4832 534 4884 habente
544 4835 614 4886 locu?

316 4968 371 5024 aas.
392 4983 506 5018 musaeu.

43 5098 170 5164 Ιυεὶρίιοιιε,
183 5102 202 5152 si
214 5102 249 5152 vis
261 5103 357 5154 alteram
366 5104 451 5154 ludere
466 5121 552 5161 uersu.

69 5181 94 5229 Et
106 5180 161 5233 mihi
174 5185 237 5249 quod
250 5194 276 5234 tu
286 5184 336 5247 vis,
351 5186 498 5250 Heliodoro,
510 5187 587 5240 lubet.

42 5259 113 5312 leiim
123 5274 148 5314 ut
158 5265 226 5316 citius
236 5282 330 5333 percas.
344 5269 406 5318 Nam
416 5275 440 5318 tc
450 5268 521 5335 mapa
533 5271 584 5338 ipso

885 3831 1066 3898 Nugirepertcr‚
1083 3835 1108 3885 id
1122 3845 1173 3898 est,
1187 3839 1331 3892 Heliodorus
1342 3859 1391 3894 ero.

1149 3995 1204 4046 13⁵.
1223 4013 1340 4049 εεσεινιιε.

852 4147 889 4194 Ne
898 4162 972 4212 puero
986 4149 1032 4212 da,
1046 4156 1143 4215 Marce,
1157 4164 1213 4213 tuo,
1229 4157 1308 4207 sedda
1316 4158 1376 4209 mihi
1392 4161 1517 4227 planctus,

885 4230 918 4277 tit
931 4227 1025 4294 quisine
1039 4249 1114 4298 puero
1123 4242 1232 4288 mortuus
1245 4237 1295 4305 ipse
1306 4241 1385 4305 magis.

852 4314 880 4359 Iu
891 4327 929 4360 me
938 4328 1003 4363 nuuc
1017 4316 1094 4382 elegos
1104 4318 1257 4388 lamentaque
1269 4321 1348 4374 tristia
1359 4325 1446 4384 tunde,

885 4395 998 4444 versibus
1011 4400 1115 4450 occisum
1125 4403 1226 4470 quippe,
1238 4415 1350 4470 cruente,
1364 4409 1425 4470 tuis3

852 4479 960 4544 Namque
973 4487 1016 4529 tuo
1031 4484 1110 4547 patior
1119 4501 1163 4551 pro
1178 4487 1262 4539 iuuere
1273 4490 1343 4546 talia,
1359 4491 1450 4542 terrent

884 4560 970 4622 Qualia
984 4561 1025 4626 qui
1038 4565 1140 4616 mlamos
1152 4569 1289 4636 scriptaque
1303 4581 1353 4622 tota
1363 4585 1458 4625 rorant.

1148 4729 1202 4779 rso.
1221 4747 1335 4784 υσευιιε.

852 4869 906 4916 Non
919 4882 973 4932 quae
986 4867 1107 4920 funestum
1120 4869 1175 4920 iecit
1185 4872 1326 4926 fabricarier
1339 4894 1421 4929 ensem

885 4954 1015 5002 Latronem
1027 4957 1172 5020 usqueadeo
1185 4956 1220 5006 vis
1231 4957 1329 5026 inopina
1343 4962 1400 5026 iuit,

853 5033 931 5094 Quam
945 5040 970 5081 tu
982 5048 1031 5083 nun
1043 5034 1125 5098 misso,
1138 5037 1292 5104 Callistrato,
1303 5052 1372 5107 patre
1387 5056 1480 5110 patrato

887 5109 965 5160 intera
975 5110 1116 5164 hexametro
1126 5116 1232 5166 mimine
1247 5118 1309 5169 helia
1323 5121 1392 5174 mihi.

852 5197 905 5244 Jam
919 5194 1005 5261 siquid
1018 5195 1146 5261 miserere,
1156 5211 1294 5254 cauauttua
1308 5205 1373 5271 signa
1387 5221 1508 5277 receptum
1523 5231 1530 5264 ι

886 5276 994 5328 ανιίιιυίι
1009 5279 1078 5330 bellis
1091 5280 1140 5333 otia
1151 5282 1211 5334 flens
1223 5285 1338 5339 Priamus.
