3780 5920
220 505 279 566 589.
781 501 1036 562 ANTHOLOGIAE
1058 499 1262 562 PALA'l'lNAE

257 639 361 712 Μῶμον
375 633 529 710 ἀμωμήτως
545 633 637 714 χερσὶν
653 635 835 708 εἰνεπλάσατο;

215 726 250 788 ὡς
264 726 279 780 ὁ
292 723 376 800 γέρων
389 720 433 778 ἐπὶ
447 726 496 798 pt<
508 719 683 798 βεβλημένος,
693 711 736 779 οἶά
750 745 788 788 τις
802 723 913 798 ἔμπνους

255 809 373 880 άμπαύει
385 807 486 882 λύπας,
499 815 561 886 γυῖα
574 807 757 887 βαρυνόμενος.

98 899 100 904 ’
176 923 189 963 ε
216 897 318 959 Μανύει
334 897 462 977 δίστοιχος
476 894 590 974 ὀλέθριος
600 896 680 974 ὄγμος
692 899 818 974 ὀδόντων,

255 985 406 1066 πριομάνων
419 984 463 1044 ἐπί
475 984 522 1051 τὰς
536 989 589 1044 τῶν
603 986 686 1052 πάλας
702 988 836 1066 εὐτυχίας,

215 1073 304 1134 καὶτὸ
319 1071 498 1144 κατεσκληκός
512 1081 596 1132 κεῖνον
612 1074 704 1153 βάρος·
719 1067 737 1156 ᾆ
752 1076 799 1152 μὲν
815 1075 906 1154 ἐρείδει

252 1160 329 1244 ψιλόν
343 1169 442 1241 γηραιᾷ
455 1160 526 1240 χειρί
544 1161 631 1239 βαλὼν
646 1161 789 1242 κρόταφον,

214 1241 233 1332 ᾇ
247 1249 275 1309 dl
289 1248 407 1330 σεσηρὼς
421 1248 535 1328 βάκτρον
553 1251 758 1328 άποστηρίζεται
774 1253 800 1318 ἐς
813 1261 877 1327 γᾶν,

173 1364 195 1402 ιι.
254 1337 330 1418 κωφὰ
344 1337 408 1418 πρὸς
423 1337 524 1418 ἄψυχον
537 1337 631 1418 πέτρον
644 1339 830 1417 ἀπεχθόμενος.

518 1481 579 1531 266.
600 1483 695 1534 Aldu.

514 1591 555 1646 Εἰς
564 1589 605 1640 τόν
616 1589 695 1640 αὐτόν.

214 1710 305 1773 Τάκεο
320 1707 453 1768 δυστάνων
469 1709 569 1788 ὀνύχων
584 1709 637 1768 ἄπο
649 1711 776 1792 παμράηε
792 1711 895 1786 Μῶμε,

253 1798 334 1857 τάκεο
349 1795 380 1856 σὺ
392 1797 475 1875 πρίων
489 1795 607 1864 ἶοόόλους
621 1797 722 1874 γένυας.

214 1886 305 1965 Νεύρά
318 1908 349 1944 σε
364 1882 458 1961 μανύει
471 1885 666 1961 τετανυσμένα,
678 1884 722 1943 καλ
735 1883 828 1965 ρλέόες
841 1884 955 1963 ἄρθρων,

253 1976 298 2034 καὶ
316 1974 393 2032 κενεά
410 1977 514 2053 σαρκῶν
529 1972 679 2054 ψυχολιπλς
694 1971 821 2049 δύναμις,

213 2062 257 2124 καί
273 2067 368 2141 ῥικνοῖς
383 2060 528 2141 ρρίσσουσα
543 2061 604 2141 περί
617 2061 787 2181 κροράροισιιρ
797 2061 895 2141 ἔθειρα.

212 2235 297 2300 ‘flore
311 2239 351 2305 τίς
363 2237 482 2319 ίμψυχόν
498 2237 521 2295 σ’
532 2237 697 2318 ’άνδρόσινιν
712 2238 791 2298 άνυσε
801 2237 896 2320 τέχνα,

253 2328 311 2387 odil
323 2327 403 2386 τόπον
415 2328 499 2408 diisset
514 2336 570 2386 celo
583 2327 807 2405 λιπὼνστόματι,

309 2478 378 2529 267.
400 2469 594 2529 ΣΥΝΕΣΙΟΥ
617 2469 900 2530 ΣΧΟΛΑΣΤΙΚΟΥ.

444 2591 485 2645 Ek
497 2588 577 2638 εἰκόνα
588 2587 763 2650 Ἱπποκράτους.

1072 643 1183 693 Μοιιιιιιιε
1194 639 1325 705 inculpatis
1333 639 1447 692 mamona
1458 639 1544 690 duxit?

1042 729 1105 780 adeo
1115 741 1191 780 senex
1201 729 1325 781 interram
1337 728 1593 794 projectus,tanqnam
1599 717 1803 795 ammutium.

1074 817 1170 882 reponit
1183 819 1349 882 luctuosum,
1359 817 1469 867 membra
1479 819 1602 881 meatus.

1043 905 1137 957 Iudicat
1148 905 1218 957 illum
1229 905 1398 970 duplici-serie
1412 905 1523 956 funestus
1533 904 1595 956 ordo
1606 905 1732 966 dentium,

1072 1007 1135 1057 qnos
1144 993 1242 1044 exacuit
1254 994 1278 1044 iu
1288 993 1463 1044 secundas-res
1476 991 1656 1057 proximorum,

1042 1083 1067 1130 et
1078 1079 1231 1132 tabetactum
1243 1084 1361 1144 corporis
1372 1093 1442 1131 onus.
1453 1080 1516 1130 Hine
1527 1078 1631 1144 quidem
1644 1079 1745 1131 reclinat

1074 1167 1155 1232 dapile
1163 1168 1189 1219 tn
1198 1168 1269 1220 senili
1281 1183 1354 1220 mann
1366 1168 1475 1233 positum
1489 1171 1604 1232 tempus,

1042 1255 1109 1306 illinc
1121 1269 1183 1307 vero
1200 1256 1375 1308 sardouiorr'su
1388 1256 1503 1308 baculum
1518 1257 1598 1321 infigit
1609 1257 1635 1310 in
1646 1259 1749 1319 tem,

1073 1344 1178 1396 inaniter
1187 1344 1306 1396 adversus
1314 1345 1451 1395 manuuum
1460 1343 1568 1409 lapidem
1577 1358 1725 1409 aegresoens.

1344 1483 1398 1526 266.
1419 1487 1525 1528 suun.

1363 1607 1389 1649 lu
1400 1607 1505 1650 eundern.

1044 1715 1151 1768 Tabesce
1164 1719 1227 1769 inde
1239 1717 1336 1769 muers
1347 1718 1378 1770 ab
1391 1720 1514 1782 unguibus
1526 1720 1712 1770 omnia-vorans
1722 1724 1798 1782 Hune,

1073 1804 1171 1856 tnbesce
1184 1806 1337 1857 infrendens
1350 1807 1643 1858 uenenum-mittentibus
1656 1809 1764 1859 merdis.

1042 1893 1117 1942 Nervi
1129 1895 1156 1944 to
1168 1893 1278 1945 indicant
1289 1895 1397 1957 extenti,
1411 1899 1438 1945 et
1450 1909 1519 1945 veum
1534 1896 1710 1956 articulorum,

1072 1981 1098 2028 et
1110 1979 1202 2030 nudata
1214 1980 1329 2032 οεειιιιιιε
1343 1981 1557 2033 deficiens-mina
1566 1983 1621 2042 ris,

1043 2069 1068 2116 et
1080 2079 1169 2132 rugosa
1178 2065 1282 2120 hornus
1295 2069 1360 2120 cirea
1370 2073 1482 2134 tempora
1492 2084 1573 2122 coma.

1219 2155 1234 2183 ἡ
1358 2156 1373 2184 ἡ

1042 2246 1105 2308 Ergo
1117 2245 1174 2309 quis
1184 2244 1320 2308 spirantem
1330 2249 1356 2297 te
1367 2245 1659 2311 hominum-perditorem
1670 2248 1770 2298 absoluit
1780 2265 1810 2298 u·

1073 2343 1105 2380 ne
1113 2329 1195 2381 locum
1206 2331 1307 2396 quidem
1320 2331 1429 2383 mordaci
1439 2336 1484 2384 tuo
1493 2334 1610 2398 linquens
1620 2335 1678 2386 ori?
1727 2336 1813 2399 [uncto.

1222 2484 1278 2532 267.
1294 2482 1415 2534 suumn
1431 2483 1649 2534 sotionisntct.

1270 2603 1297 2644 ln
1310 2601 1431 2656 imaginem
1442 2603 1595 2660 Hippocratis.

212 2729 240 2772 α.
248 2705 384 2768 ‘Omitto
394 2708 532 2783 όστήσας;
548 2713 572 2788 β.
581 2709 730 2778 Βυζάντιος.
742 2733 768 2768 οι.
778 2710 887 2789 Ούνομα
900 2712 931 2784 δὴ
943 2714 995 2787 τίς
1043 2731 1069 2769 n.
1079 2719 1150 2771 Unde
1157 2724 1196 2772 est
1204 2723 1247 2786 qui
1255 2724 1353 2787 posuit?
1361 2725 1384 2775 d.
1393 2725 1532 2787 Byzantius.
1542 2739 1568 2776 o.
1578 2727 1685 2777 ttonriue
1693 2727 1811 2790 quisnam!

255 2799 282 2874 β.
299 2795 434 2864 Εὐσίόιος.
448 2821 475 2855 α.
486 2795 525 2856 Σὺ
541 2797 568 2855 δὲ
580 2797 636 2874 τίς;
652 2803 678 2876 β.
695 2798 780 2864 Koite<
794 2797 982 2880 Ἱπποκράτης.
1075 2808 1099 2859 ό.
1109 2809 1236 2862 Eusebius.
1247 2823 1274 2862 u.
1284 2815 1321 2862 Tu
1331 2827 1389 2864 vero
1399 2814 1471 2877 quis?
1481 2814 1506 2868 d.
1517 2817 1586 2864 Cous
1599 2816 1768 2880 Hippocrates.

212 2907 241 2943 α.
252 2886 278 2944 T
280 2889 310 2941 οῦ
325 2884 349 2942 δ’
360 2883 446 2944 ἕνεκεν
459 2883 587 2964 γέγραρέν
599 2907 645 2956 σας
660 2889 685 2963 β.
701 2885 795 2962 Λόγων
807 2887 885 2968 χάριν
895 2891 912 2959 ἡ
923 2887 997 2954 πολις
1044 2909 1070 2946 u.
1080 2897 1247 2954 Quamobrem
1253 2913 1312 2952 vero
1318 2901 1472 2964 pinxittettt.
1480 2905 1626 2952 Semnonum
1636 2917 1696 2967 ergo
1702 2904 1784 2956 ciuitas
1791 2907 1818 2955 nn

255 2975 309 3031 τῶν
322 2972 346 3038 ἒς
358 2969 405 3049 ipsi
419 2971 553 3051 γραρίδυιν
569 2973 726 3033 άντιδέδωκε
737 2974 827 3054 γέρας.

913 2977 997 3058 [αὐτῷ
1075 2985 1196 3037 laetorum
1208 2988 1235 3038 in
1247 3001 1288 3040 me
1298 2990 1401 3054 picture
1413 2990 1482 3042 dedit
1493 2991 1647 3056 reciprocam
1657 2993 1797 3045 ιυετοοιιειιι.

213 3082 241 3119 α.
259 3057 315 3118 Καὶ
328 3058 354 3118 τί
364 3056 401 3135 μὴ
414 3057 491 3126 αὐτὸς
505 3059 548 3117 tto
560 3058 644 3119 τύπον
658 3058 785 3144 ἔγραφεν,
802 3068 829 3142 β.
843 3061 934 3142 Ὀττι,
951 3089 997 3145 γε·
1043 3086 1068 3122 u.
1081 3075 1112 3123 nt
1123 3087 1168 3124 cur
1180 3087 1229 3125 non
1240 3073 1294 3140 ipse
1305 3089 1377 3128 sunm
1389 3078 1492 3128 formam
1510 3078 1609 3142 pinxit?
1622 3079 1647 3133 b.
1661 3081 1734 3139 Quod
1746 3095 1817 3132 runn-

251 3146 337 3222 ἡμάας
351 3150 405 3206 ἀνθ’
419 3148 656 3228 αὖτοῦ,κρε’σσονα
670 3149 746 3218 δόξαν
758 3150 824 3232 ἔχει.
887 3153 996 3233 [ραίρων
1074 3175 1119 3213 nos
1127 3177 1172 3229 pro
1184 3165 1483 3231 semet-ipso,nreliorem
1496 3168 1600 3232 gloriam
1612 3169 1698 3222 habet.
1735 3175 1818 3234 ineram

495 3293 558 3343 268.
572 3296 712 3344 toulon.

212 3397 260 3459 ’Hl
272 3397 334 3470 τεὴν
346 3397 450 3478 φωνὴν,
461 3399 649 3478 Ἱππόκρατες,
667 3403 763 3482 ἔγραρε
778 3403 883 3482 Παιάν,

252 3485 283 3560 ἠὲ
296 3487 328 3546 σὺ
343 3491 391 3558 τῆς
405 3487 490 3547 κείνου
507 3487 607 3564 μάρτυς
622 3489 783 3568 άκεστορίης.

514 3621 576 3672 269.
598 3625 693 3672 liridi).

215 3721 300 3800 θότος
315 3733 470 3814 ἄκεστορίης
482 3735 594 3815 κρυφίας
607 3734 668 3802 ὤϊξε
682 3739 834 3816 κελεύθους,

254 3819 362 3888 Παιήων
378 3819 519 3897 μερόπων,
535 3823 622 3889 Κιύῖος
638 3821 827 3903 Ἱπποκράτης.

212 3931 1814 3974 m*-

245 3987 357 4048 affinxit,
370 3991 480 4038 Momum
492 3989 527 4038 uil
540 3997 663 4040 metuente
676 3996 768 4043 mortu?

211 4069 312 4118 Lumina
326 4069 387 4118 tixus
401 4069 490 4136 humo,
502 4071 596 4138 spirans
612 4074 678 4123 velut
692 4074 784 4125 obsitus
797 4078 878 4139 aunis,

246 4156 328 4202 Fessus
337 4153 455 4203 mestitia
465 4163 502 4204 est
512 4162 535 4203 et
547 4155 625 4220 gravis
636 4156 687 4222 ipse
702 4157 761 4208 sibi.

212 4235 284 4284 Certa
295 4243 353 4284 nota
367 4244 418 4296 est,
429 4234 524 4300 gemino
536 4237 577 4301 qui
588 4238 693 4290 strident
705 4239 791 4290 ordine
799 4241 897 4304 dantes,

246 4319 336 4367 Deutm
348 4315 494 4382 prosperitas
506 4333 565 4382 quos
577 4319 655 4368 aliena
667 4331 741 4372 secut.

214 4399 243 4446 Et
253 4413 341 4464 corpus
350 4396 402 4448 iera
414 4399 477 4464 quod
491 4399 558 4449 tabes
571 4401 622 4450 edit
635 4417 641 4451 :
655 4402 731 4452 ultera
744 4404 857 4470 languens

246 4481 351 4531 Sustinet
361 4481 446 4532 annosi
458 4490 568 4548 tempora
579 4499 659 4534 macra
671 4501 764 4537 manus.

213 4563 298 4613 Altera
311 4563 426 4630 rirrgentia
440 4565 527 4616 mento
541 4567 638 4632 uestigia
649 4567 744 4630 firnrnt,

247 4652 310 4700 Dum
323 4649 359 4700 nil
373 4665 498 4702 sensurum
513 4662 649 4702 murmurat
662 4654 686 4704 in
704 4655 817 4720 lapidem.

501 4737 557 4786 266.
572 4740 610 4785 De
624 4735 715 4788 eodeni.

216 4816 290 4878 ipsos,
305 4815 387 4862 Morus
399 4830 482 4872 vorax,
499 4817 594 4868 tabesne
607 4827 703 4869 voratus
714 4821 744 4868 ad
757 4837 859 4886 ungnes,

249 4899 301 4947 Nec
312 4897 381 4948 saris
391 4909 474 4962 parcat
483 4901 595 4950 dentibus
606 4910 659 4951 atra
669 4903 728 4953 lues.

215 4977 327 5028 Nosceris
338 4979 441 5028 extentis
453 4980 478 5029 in
491 4983 560 5032 adeso
575 4998 675 5048 corpore
686 4985 780 5046 nervis,

247 5063 283 5110 Te
294 5073 351 5110 caro
362 5059 401 5111 vix
412 5061 504 5127 spirans
516 5081 623 5129 vernaque
633 5065 694 5115 sicea
707 5075 788 5126 notat,

216 5143 247 5192 Ει
259 5143 351 5194 setulas
365 5143 430 5193 inter
442 5161 509 5210 rugas
520 5163 590 5197 coma
601 5147 686 5198 lroutis
700 5150 837 5201 inhorrens.

217 5310 344 5376 improbo,
359 5321 407 5361 tam
422 5313 475 5362 uiua
487 5323 522 5364 est
534 5315 638 5382 species,
652 5333 699 5382 qun
715 5318 823 5383 fingeris,
837 5319 861 5369 in
875 5329 898 5370 te

1322 3303 1375 3350 268.
1407 3303 1548 3346 tltcttnnl.

1045 3411 1093 3459 lut
1106 3412 1151 3460 tua
1163 3409 1244 3473 dicta,
1258 3427 1273 3463 o
1287 3413 1460 3478 Hippocrates,
1471 3415 1594 3467 sonbebat
1607 3419 1697 3480 Paean,

1073 3498 1118 3548 aut
1130 3499 1158 3548 tn
1170 3499 1236 3551 illins
1247 3501 1318 3553 testis
1330 3502 1554 3555 curandi-rationis.

1340 3637 1396 3682 269·
1416 3645 1521 3686 rttttn.

1042 3756 1089 3808 Hic
1099 3759 1213 3810 medendi
1226 3767 1333 3814 meroes
1345 3766 1441 3828 aperuit
1453 3764 1518 3826 vias,

1075 3849 1148 3897 Paeon
1162 3847 1304 3906 hominum.
1315 3853 1381 3901 cons
1394 3852 1561 3916 Hippocrates.

1077 4009 1109 4057 Ut
1122 4023 1177 4073 para
1188 4024 1236 4058 non
1248 4018 1328 4074 pateat
1340 4011 1458 4062 morsibus
1470 4012 1519 4061 ulle
1530 4014 1586 4066 tuis.

1273 4112 1331 4174 2⁶7.
1349 4127 1444 4164 εϊιιιειι
1464 4130 1597 4174 onerosis,

1271 4189 1302 4242 de
1313 4193 1420 4261 faragine
1434 4195 1599 4263 Hippocratis.

1018 4257 1022 4310 ί
1042 4283 1112 4347 CuJ'us
1123 4283 1164 4349 qul
1177 4285 1274 4351 posuit?
1284 4313 1318 4325 -
1331 4288 1467 4354 Byzantius.
1483 4317 1516 4327 —
1529 4289 1613 4355 Adjice
1628 4307 1727 4342 nomen.
1736 4320 1767 4329 -

1075 4365 1200 4419 Eusebius.
1213 4396 1246 4405 -
1260 4369 1296 4419 Tu
1308 4370 1420 4434 quisl—
1429 4373 1501 4420 (λιῐυε
1515 4372 1686 4438 Hippocrates.
1699 4401 1732 4412 —

1042 4450 1091 4498 Cur
1104 4458 1185 4501 autem
1196 4451 1293 4517 posuit?
1304 4479 1339 4490 -
1350 4455 1466 4503 Facundus
1479 4456 1542 4505 roais
1555 4455 1644 4505 honori

1076 4539 1129 4584 Hoe
1140 4534 1207 4586 dedit
1221 4536 1291 4602 urbs,
1300 4535 1363 4587 hano
1376 4548 1403 4588 ut
1415 4549 1516 4605 poneret
1527 4539 1640 4604 effigiem.
1656 4568 1690 4579 -

1042 4621 1091 4667 Cur·
1104 4635 1153 4669 non
1165 4619 1216 4687 ipae
1226 4626 1313 4672 mem?
1323 4623 1445 4686 -Quia,
1459 4625 1515 4673 dnm
1528 4640 1580 4673 men
1593 4625 1675 4674 carior
1687 4626 1722 4674 illi

1075 4704 1153 4764 Quam
1168 4718 1210 4751 sua
1224 4702 1291 4764 laus,
1307 4705 1361 4770 plus
1375 4703 1421 4754 hoc
1435 4705 1533 4755 nomina
1544 4706 1623 4756 luridis
1635 4705 1718 4757 habet.

1340 4805 1396 4852 aon.
1414 4821 1525 4867 ruerunt,

1363 4885 1393 4935 de·
1406 4886 1497 4937 eodem.

1044 4979 1093 5023 Aut
1103 4975 1161 5036 tibi,
1173 4978 1221 5026 Coe
1235 4993 1321 5037 senex,
1332 4993 1415 5028 uocem
1429 4977 1541 5028 formauit
1552 4980 1656 5046 Apollo,

1075 5062 1125 5108 Aut
1135 5066 1174 5107 tua
1184 5073 1230 5108 vox
1241 5069 1317 5108 artem
1327 5065 1409 5111 narrat
1419 5060 1580 5126 Apollineam.

1325 5153 1383 5215 269.
1399 5155 1436 5200 De
1446 5149 1536 5203 rodem.

1043 5239 1089 5288 Hic
1098 5248 1133 5288 est
1145 5240 1186 5304 qui
1200 5239 1288 5289 referat
1301 5242 1395 5306 populis
1408 5258 1493 5290 arcuna
1509 5243 1617 5291 laedendi

1076 5325 1140 5372 Vere
1151 5313 1370 5386 lrominuur'l’aeom
1383 5327 1454 5376 Cuius
1468 5329 1638 5391 lbppocrntes.
