3728 5918
232 345 294 407 tlh
797 347 1053 411 ANTHOLOGIAE
1077 353 1278 416 PALATlNAE

540 500 585 552 52.
605 499 700 550 ΑΛΔΟ.

226 604 279 673 Ἦν
293 614 336 672 ὅτε
351 619 397 672 σὺν
412 617 547 691 Λαττίθησι
560 615 605 673 καί
620 615 724 698 ἀλκίμῳ
739 615 873 697 Ἡρακλῆϊ

269 703 435 782 Κενταύρους
450 706 547 783 διφυεῖς
561 702 651 762 ὤλεσα
664 706 844 783 μαρνάμενος·

225 783 257 862 ἧν
273 789 316 848 ὅτε
330 791 497 867 μουνογένειαν
512 793 576 872 κόρη
593 793 668 852 θάνεν
683 795 710 851 ἐν
723 795 791 872 τρισί
804 797 918 873 πληγαῖς

265 879 419 956 ἡμετέραις,
435 879 566 958 Κρονίδην
583 882 605 939 δ’
627 879 729 960 ἤκαχον
743 881 869 940 εἰνάλιον·

224 972 270 1024 νῦν
285 965 313 1024 δέ
327 989 360 1042 με
377 969 473 1026 Μοῦσα
487 968 562 1045 τρίτη
575 968 695 1048 πυρίναις
707 969 848 1051 Νύμφαισι
860 969 970 1048 μιγέντα

265 1054 384 1135 δέρκεται
398 1055 491 1136 ὑελίνην
507 1056 626 1132 κείμενον
646 1061 672 1116 ἐν
687 1057 806 1139 δαπέδῳ.

538 1193 582 1243 53.
602 1195 698 1240 Abho.

224 1306 364 1390 Ἡφαίστῳ
379 1307 441 1367 nori
462 1308 572 1375 Παλλὰς
584 1311 630 1368 ὑπ’
644 1306 780 1386 ἀγκοίνῃσι
798 1311 911 1384 δαμεῖσα

264 1398 300 1462 εἷς
315 1395 388 1466 εὐνὴν
405 1396 483 1474 ἐμίγη
499 1395 601 1468 Πηλέος
619 1398 645 1454 ἐν
662 1396 807 1473 θαλάμοις·

223 1496 262 1554 τοὶ
278 1497 300 1553 δ“
317 1499 351 1561 ὡς
365 1486 408 1553 σύν
423 1496 552 1574 λιπαρῇσι
567 1492 736 1574 καλυφθητην
751 1491 887 1572 ὀθόνῃσιν,

263 1583 349 1640 αὐτίκ’
364 1582 488 1660 ἐγεννήθη
505 1579 658 1646 νυκτιπόλος
673 1581 797 1640 Φαέθων.

534 1719 578 1768 54.
600 1718 696 1764 ΑΛΛΟ.

231 1832 306 1908 Ιίιὶμέ
319 1831 387 1912 σοφὴ
407 1833 501 1903 ποίησε
515 1833 595 1913 τέχνη
609 1832 742 1903 Παιήονος
756 1833 870 1908 ἔμπνουν

264 1926 318 1999 πδρ
333 1920 383 1978 ὑπὸ
395 1920 569 2000 χαλκελάτσις
582 1923 684 2001 χειλεσι
698 1921 875 1999 κευθομένην·

224 2010 316 2067 δειλῶν
331 2009 354 2066 δ’
370 2000 438 2086 αἷμα
454 2009 574 2068 κελαινὸν
590 2013 638 2068 ἀπ’
654 2009 799 2089 ἀνθρώπων
812 2011 939 2090 ἐρύουσα,

261 2095 410 2178 Ἥφαιστον
423 2097 516 2157 κτείνειν
530 2099 625 2180 γαστρί
637 2098 828 2179 περισχομένη.

535 2233 578 2284 55.
600 2234 696 2280 ΑΛΛΟ.

224 2358 319 2438 Μούνιμ
335 2380 380 2434 μοι
396 2357 468 2433 θέμις
479 2357 534 2416 ἐστὶ
550 2361 681 2432 γυναικῶν
695 2361 721 2416 ἐν
735 2357 858 2438 φιλότητι

262 2446 403 2527 μίσγεσθαι
418 2451 550 2528 φανερῶς,
565 2448 728 2523 λισσομένων
742 2447 858 2532 Ιττοσίιιν·

222 2542 315 2612 μοῦνος
330 2539 354 2595 δ’
370 2535 497 2608 ἠϊθέοισι,
514 2537 558 2596 καί
573 2537 713 2616 ἀνδράσιν,
725 2533 770 2608 ἠδὲ
781 2535 916 2614 γέρουσιν,

261 2629 429 2704 παρθενικαῖς
443 2629 466 2682 τ’
483 2622 580 2696 ἐπέύην
595 2623 749 2702 ἀγνυμένων
765 2623 874 2686 τοκέων.

224 2713 401 2792 θίαχλοσύνην
415 2712 535 2790 ἤχθηρα·
552 2711 621 2791 φιλεῖ
639 2711 669 2768 δέ
684 2735 716 2787 με
728 2711 837 2782 παιονίη
852 2712 924 2792 χεὶρ,

225 2808 227 2813 ’
261 2800 501 2880 Ἀμφίτρυωνιάδην
515 2797 666 2862 ἐκεελέοντα
678 2797 766 2858 πόνον.

223 2888 299 2966 Ἀμφὶ
314 2889 338 2945 δ’
353 2886 530 2963 όπυιομένοισι
545 2886 589 2946 καὶ
605 2885 637 2946 διν
651 2888 771 2958 Πλουτῆϊ
787 2887 923 2967 μαχοίμην

261 2973 316 3034 αἶέν
334 2973 399 3055 ύπέρ
414 2978 500 3056 ψυχῆς
514 2977 566 3032 τῶν
581 2975 685 3039 ὁπόσοις
696 2973 802 3051 ἐμίγην.

225 3062 331 3142 Ιδύρινον
347 3065 375 3122 δέ
393 3087 426 3140 με
440 3063 522 3120 παῖδα
535 3062 580 3120 καὶ
595 3061 748 3141 α’ργιόδοντα
763 3061 864 3132 τίθησιν

261 3150 344 3231 ἰδρείῃ
361 3150 483 3231 μερόπων
500 3149 556 3228 αἰγὶ
579 3149 664 3227 μιγεὶς
678 3148 782 3228 ἐλέφας.

502 3292 505 3301 “
531 3280 577 3330 56.
597 3282 693 3330 Almo.

220 3397 264 3454 'hv
281 3394 309 3472 μ’
321 3393 470 3471 ἐσίδῃς,κοιλ
478 3394 530 3472 ἐγὼ
542 3395 581 3454 σέ.
592 3393 631 3454 Σύ
638 3392 686 3464 μὲν
697 3396 850 3476 βλεφάροισι
863 3396 1001 3476 δέδορκας,

261 3483 319 3542 ἀλλ’
330 3481 382 3558 ἐγὼ
396 3485 425 3542 ού
441 3483 595 3563 βλεφάροις·
611 3485 640 3541 ού
654 3483 706 3562 γὰρ
721 3481 774 3562 έχω
791 3483 921 3562 βλέφαρα.

219 3571 265 3640 ’.δν
281 3572 305 3628 δ’
318 3571 423 3651 ἐθέλῃς,
435 3571 524 3630 λαλέιο
538 3575 624 3651 φωνῆς
640 3569 715 3650 δίχα·
729 3571 770 3630 σοί
784 3571 836 3651 γδιρ
849 3572 962 3652 ὑπάρχει

259 3656 347 3738 φωνὴ.
360 3657 419 3734 ἐμοὶ
438 3657 465 3717 δέ
480 3659 565 3734 μάτην
580 3657 660 3737 χείλέ
676 3660 842 3737 ἀνοιγόμενα.

531 3796 577 3845 57.
596 3797 693 3844 ΑΛΛΟ.

220 3909 330 3989 ίλύνομα
344 3913 442 3993 μητρὸς
456 3911 524 3993 ἔχω·
538 3912 730 3992 γλοκεριύτερος
746 3911 799 3990 εἰμί
811 3912 949 3986 τεκούσης·

259 3997 320 4058 ἀλλ’
336 4004 352 4070 ἡ
370 3999 417 4075 μὲν
432 3999 539 4078 δολιχὴ,
553 4000 642 4066 τυτθὸς
657 3999 709 4076 ἐγὼ
724 3998 750 4059 δέ
764 3999 849 4060 πέλω·

219 4085 335 4167 ύύρωτος
347 4087 418 4159 κείνη
435 4086 504 4158 πλὴν
516 4087 641 4168 κράατος·
656 4087 711 4162 alpi
724 4087 746 4145 δ’
760 4087 841 4167 ἔγωγε

256 4175 369 4256 τρωκτδς
385 4175 469 4248 ἅπας,
486 4181 579 4250 μοῦνον
596 4175 618 4232 δ’
632 4176 714 4254 ἔντερ’
730 4175 839 4254 lipara
853 4176 935 4257 φέρω.

1366 503 1405 549 sa.
1428 489 1535 555 aaran.

1060 620 1116 668 Fuit,
1132 622 1234 683 lerrrprrs
1248 635 1297 684 quo
1312 635 1361 672 una
1376 637 1432 673 cum
1448 624 1558 690 Lapithis
1571 629 1596 676 et
1611 627 1686 678 ualido
1698 630 1784 684 lleroole

1089 708 1227 758 centauros
1241 707 1468 772 maligue-natura
1482 712 1576 772 perdidi
1589 712 1721 776 decertans3

1058 793 1105 843 luit
1119 808 1196 857 quum
1210 796 1333 860 unigenita
1346 797 1428 861 puella
1442 798 1504 850 obiit
1519 799 1565 864 (in)
1580 802 1656 852 tribus
1666 803 1735 868 plagis

1089 883 1195 945 nostris,
1206 886 1342 950 lovemque
1354 885 1520 938 doloreatloci
1532 889 1693 949 maritimam.

1057 983 1123 1021 nunc
1136 984 1195 1023 vero
1207 985 1248 1024 me
1262 975 1332 1022 Musa
1346 973 1417 1024 tertia
1430 973 1515 1038 ignitis
1525 978 1642 1042 Nymphis
1654 979 1745 1029 mistura

1074 1059 1169 1110 'remit
1180 1059 1259 1112 vitreo
1271 1061 1347 1111 situm
1359 1061 1385 1111 in
1397 1063 1458 1112 solo.

1364 1205 1404 1252 5³.
1429 1210 1540 1254 solun.

1059 1319 1167 1369 Volcano
1181 1321 1306 1382 quondam
1320 1321 1400 1372 Pallas
1413 1321 1459 1372 sub
1473 1323 1578 1374 brachiis
1591 1325 1683 1374 domita

1087 1405 1221 1459 concubitu
1233 1408 1366 1460 mixta-est
1380 1409 1446 1460 Pelei
1460 1410 1484 1458 in
1500 1411 1625 1462 thalamis,

1056 1497 1087 1547 lli
1099 1509 1159 1548 vero
1170 1511 1248 1561 quum
1263 1497 1348 1548 nitidis
1361 1498 1510 1550 sindili-sunt
1521 1499 1654 1560 inlinteis,

1088 1587 1153 1637 illico
1167 1587 1313 1651 genituscst
1325 1587 1471 1652 noctivagus
1487 1588 1622 1638 Phaethon.

1363 1729 1402 1776 54.
1424 1736 1539 1780 ALIUD·

1055 1850 1094 1898 llo
1106 1862 1204 1912 quoque
1219 1849 1292 1900 docta
1303 1849 1361 1899 iecit
1377 1862 1417 1899 ars
1431 1849 1527 1900 Paeonis
1540 1849 1674 1900 arrimatum

1085 1936 1166 2002 ignem
1178 1937 1225 1988 snb
1236 1937 1380 1988 aere-‹luctis
1391 1937 1464 1989 labiis
1478 1938 1659 2001 quo-oocult03

1055 2028 1081 2075 at
1091 2026 1188 2076 miseris
1201 2025 1345 2091 sanguinem
1362 2025 1458 2090 nigrum
1475 2039 1506 2076 ετ
1521 2025 1660 2076 hominibus
1676 2025 1774 2082 trahens.

1085 2115 1224 2166 Vulcanum
1239 2115 1358 2166 interlioio
1373 2117 1458 2165 ventre
1473 2114 1637 2164 circumdans.

1359 2257 1397 2304 55.
1420 2265 1533 2308 Arrun.

1054 2373 1103 2425 soli
1118 2374 1179 2424 mihi
1191 2374 1227 2424 las
1240 2375 1281 2423 est
1296 2345 1425 2423 mulierum
1440 2373 1465 2422 ia
1476 2387 1560 2423 amore

1085 2461 1183 2512 misceri
1196 2462 1285 2525 palum,
1302 2461 1447 2524 rogantibus
1461 2461 1572 2522 maritis3

1054 2552 1173 2616 solasque
1186 2549 1400 2612 adolescentibus,
1412 2549 1525 2609 ebullis,
1540 2551 1567 2600 et
1578 2541 1695 2604 senibus.

1084 2638 1270 2702 virginibusque
1283 2637 1387 2698 incubo,
1400 2637 1565 2687 moerentibus
1577 2637 1724 2701 parentibus.

1053 2727 1206 2778 salacitatem
1222 2740 1337 2786 aversan
1352 2729 1421 2775 amat
1434 2739 1493 2776 vero
1508 2739 1548 2775 mo
1562 2725 1656 2788 paeonia
1669 2739 1764 2783 manus,

1084 2813 1294 2880 Amphitryonirlaa
1305 2813 1475 2864 absolventem
1490 2812 1597 2863 laboras.

1055 2903 1090 2951 De
1105 2901 1175 2952 initis
1186 2905 1270 2951 aulem
1282 2901 1322 2951 vel
1337 2900 1437 2951 Plutoni
1449 2900 1591 2950 obluctator
1744 2899 1809 2962 [snm

1084 3003 1164 3053 nsque
1180 2989 1240 3040 vitae
1255 3002 1327 3039 eausa
1344 2989 1553 3040 comm-omnium
1568 2987 1713 3050 quibuscum
1728 2987 1812 3036 mista:-

1053 3079 1181 3131 Pellicium
1189 3092 1263 3144 porro
1272 3092 1312 3130 me
1320 3075 1811 3143 puerumetaeutis-instmctum-deotiha

1083 3169 1185 3218 scientia
1198 3167 1327 3218 hominum
1341 3180 1421 3230 capras
1432 3166 1525 3216 mixhrs
1536 3165 1642 3230 elephas.
1709 3163 1811 3228 [nobb

1327 3283 1328 3288 ’
1357 3291 1397 3337 56.
1419 3297 1527 3339 toruo.

1050 3411 1129 3460 sime
1143 3408 1260 3469 latueris,
1280 3408 1354 3458 etiam
1370 3420 1417 3471 ego
1429 3409 1465 3458 te.
1482 3409 1520 3457 Tu
1538 3420 1580 3457 me
1594 3405 1712 3470 palpebris
1729 3403 1809 3453 remis.

1083 3501 1109 3549 at
1123 3511 1167 3562 ego
1180 3510 1228 3548 non
1242 3496 1383 3562 palpebrls3
1398 3509 1479 3560 nequo
1493 3495 1558 3547 eobo
1570 3495 1649 3546 habeo
1663 3493 1787 3558 palpebras.

1052 3587 1077 3638 Si
1094 3599 1151 3638 vero
1163 3586 1216 3650 ris,
1230 3585 1311 3650 garrio
1322 3585 1375 3635 sine
1388 3598 1462 3642 voee3
1476 3583 1521 3634 tibi
1536 3584 1601 3634 enim
1617 3583 1680 3632 inest

1081 3687 1146 3738 vox,
1160 3673 1222 3724 mihi
1230 3676 1312 3724 autem
1325 3675 1419 3723 frustra
1430 3671 1496 3722 labia
1507 3675 1601 3736 aperta.

1357 3798 1395 3845 57.
1418 3807 1525 3848 ALIUD.

1051 3921 1145 3970 Nomen
1156 3918 1242 3968 matris
1258 3917 1352 3976 habeo;
1367 3915 1464 3966 dulcior
1478 3928 1533 3964 sum
1546 3913 1672 3978 genitrice:

1082 4010 1108 4058 at
1120 4007 1162 4057 illa
1174 4005 1274 4069 quidem
1290 4005 1374 4068 longa,
1386 4003 1492 4067 pusillus
1504 4015 1564 4052 vero
1579 4015 1624 4066 ego
1635 4013 1701 4058 suan

1050 4093 1239 4157 comedi-nequit
1255 4092 1297 4143 illa
1311 4094 1414 4155 excepto
1424 4089 1503 4154 capite
1516 4110 1523 4139 ε
1538 4102 1594 4139 snm
1606 4101 1661 4139 vero
1672 4100 1712 4151 ego
1723 4084 1790 4148 [gero.

1083 4180 1259 4234 manducabilis
1269 4183 1353 4240 totus,
1369 4179 1449 4229 solum
1462 4177 1579 4227 intestina
1591 4170 1790 4226 immendamblis.

225 4297 1800 4329 M

516 4399 556 4445 aa.
576 4400 613 4444 De
632 4395 701 4445 virro.

217 4509 281 4559 olim
295 4527 349 4560 cum
363 4510 472 4577 Lapithis
484 4511 553 4559 sociis
564 4519 636 4574 atque
647 4510 754 4560 Hercule
764 4526 848 4576 magno

250 4593 316 4641 Gessi
328 4592 353 4641 in
364 4597 496 4642 Centauros
508 4592 588 4654 bella,
599 4591 702 4642 bilorms
713 4607 795 4657 genus.

215 4673 288 4738 Cujus
299 4689 353 4723 cuna
366 4673 453 4740 triplici
467 4672 588 4739 quondam
603 4682 738 4722 moreretur
749 4673 780 4722 ab
793 4673 842 4722 ictu

249 4757 341 4818 Unica,
352 4759 465 4823 Neptuno
477 4773 547 4807 causa
561 4756 650 4806 doloris
661 4766 721 4807 erat.

216 4847 249 4889 At
261 4857 325 4890 nunc
337 4841 432 4905 quando
445 4841 490 4890 mei
506 4850 570 4891 resto
580 4857 635 4906 pars
646 4841 730 4900 tertia,
743 4838 863 4906 Nymphis

248 4925 290 4971 Me
301 4923 403 4972 mixtum
413 4939 497 4988 campo
512 4923 630 4989 conspicis
643 4923 667 4971 in
681 4923 767 4973 rilreo.

498 5049 539 5097 56.
558 5049 594 5095 De
606 5043 687 5114 specul
703 5079 710 5094 .

215 5179 311 5242 Specto,
325 5175 343 5224 si
354 5184 464 5242 spectas:
479 5174 555 5224 oculis
567 5183 606 5234 ¹¹13
616 5189 666 5224 non
678 5187 720 5236 ego
731 5187 789 5222 rero

1082 4397 1160 4444 Cerno
1173 4392 1248 4442 oculis
1264 4409 1271 4439 :
1286 4390 1347 4439 nulli
1362 4405 1417 4439 nam
1430 4387 1491 4438 mihi
1501 4388 1636 4437 suntoculi.

1048 4477 1119 4542 Quod
1130 4476 1149 4526 si
1165 4476 1212 4536 vis,
1222 4475 1275 4525 sine
1285 4490 1343 4524 voce
1354 4475 1440 4538 loquar
1450 4489 1457 4523 ε
1468 4487 1525 4521 nam
1538 4487 1586 4521 vox
1599 4470 1654 4532 tibi;
1666 4485 1717 4517 rano

1081 4563 1136 4613 Sola
1148 4561 1232 4610 labore
1246 4557 1307 4609 mihi
1320 4558 1389 4607 labra
1401 4572 1499 4606 movere
1513 4556 1605 4605 datum.

1280 4733 1321 4794 ⁵⁷·
1337 4735 1377 4794 'De
1385 4724 1596 4796 phoenicobalono.

1047 4918 1140 4966 Nomen
1151 4911 1243 4962 habens
1251 4909 1347 4970 matris,
1356 4916 1425 4975 gustu
1437 4922 1489 4956 sum
1503 4903 1598 4954 suavior
1608 4903 1665 4967 ipsa:

1079 4997 1124 5046 llla
1135 4995 1176 5046 sed
1189 4995 1214 5044 in
1226 4994 1323 5059 longum
1335 5001 1417 5052 tensa,
1433 4988 1532 5055 pusillus
1543 5001 1594 5050 ego.

1046 5083 1114 5132 Illius
1125 5091 1159 5130 est
1173 5095 1270 5129 emerim
1282 5087 1376 5127 tantum
1389 5083 1461 5139 caput
1476 5085 1482 5121 ε
1496 5081 1532 5121 ast
1544 5085 1586 5133 ego
1599 5076 1657 5125 tots,

1077 5170 1165 5216 Demto
1177 5163 1240 5231 quod
1251 5159 1343 5212 comedi
1355 5159 1444 5208 viscera
1455 5163 1536 5206 nostra
1547 5158 1640 5217 negant.
