3734 5920
245 347 304 409 χω
712 317 974 386 ANTHOLOGIAE
998 331 1206 398 PALATINAE
1229 339 1313 404 CAP.
1338 348 1386 408 xi.

495 486 558 538 ⁴82.
580 489 641 534 ΤΟΥ
660 489 766 536 mot.

240 608 357 671 Ἔσόεσε
370 612 414 672 τὸν
426 613 521 693 λύχνον
533 619 636 691 μῶρος,
653 619 759 695 ψυλλῶν

281 699 436 776 δακνόμενος
448 746 456 772 ,
467 701 550 770 λέξας·
565 731 577 756 ι
592 705 692 764 Οὐκέτι
706 729 739 782 με
755 705 876 786 βλέπετε.
891 734 903 759 ν

486 849 548 900 433.
570 852 630 898 ΤΟΥ
647 853 753 901 ΔΠΟΥ.

1345 521 1400 569 432.
1422 531 1570 578 musnet.

1067 645 1189 697 Exstinxit
1201 649 1282 700 issem
1298 655 1403 715 stultns,
1415 657 1559 720 pulicibuss
1568 663 1648 714 multis

1099 740 1346 804 quum-morderetur,
1362 745 1446 798 diceus
1461 765 1468 797 ε
1487 769 1500 793 α
1511 752 1564 800 Non
1570 752 1620 816 iem
1632 757 1773 814 ειιοιιθαίε..

1342 899 1397 947 433.
1421 907 1572 955 eiusnstt.

239 973 384 1052 Ζωγρέφε,
398 976 444 1042 τὰς
459 977 560 1056 μορρδις
578 979 699 1048 κλέπτεις
713 983 801 1059 μόνον·
815 988 844 1046 οὗ
860 987 971 1047 δύνασαι
993 989 1020 1049 δέ
1067 1007 1156 1070 Pistor,
1172 1011 1265 1064 formas
1278 1015 1382 1080 surripis
1393 1018 1468 1069 modo
1486 1034 1552 1070 :non
1565 1025 1700 1086 potereris

278 1060 366 1140 φωνήν
380 1064 495 1134 συλῆσαι
509 1065 634 1146 χρώματι
648 1070 810 1146 πειθόμενος.

492 1213 557 1263 εει.
578 1217 640 1279 τοι
656 1219 762 1270 mot.

1097 1110 1182 1149 vocem
1193 1101 1299 1163 predari
1310 1104 1385 1155 enlnri
1399 1105 1534 1160 confidens.

1341 1247 1396 1294 434.
1420 1257 1572 1301 EJUSDEH.

237 1334 291 1395 Ἦν
306 1336 392 1417 ἐσίδῃς
405 1340 522 1419 κεφαλήν
535 1345 667 1424 μαδαρθν,
682 1349 727 1406 καὶ
742 1349 853 1429 στέρνα,
867 1353 910 1412 καὶ
923 1351 1019 1432 ὤμους,
1064 1373 1090 1424 si
1097 1380 1253 1442 conspexeris
1267 1381 1447 1448 demiserunt,
1461 1390 1487 1437 et
1502 1391 1598 1451 peetus,
1613 1392 1638 1441 et
1652 1390 1761 1458 humerus,

277 1422 358 1498 μηδέν
372 1428 516 1510 ἐρωτήσῃς·
532 1435 620 1510 μῶρον
636 1439 698 1516 ὁρᾷς
711 1439 858 1518 φαλακρόν.

490 1595 553 1646 435.
570 1599 629 1646 ΤΟΥ
642 1601 750 1650 ΑΥΤΟΥ.

234 1733 388 1806 Θαυμόζειν
407 1759 452 1812 μοι
468 1738 576 1810 ἔπεισιν,
591 1739 662 1808 όπως
674 1744 756 1811 Βύτος
768 1745 825 1805 ἐστὶ
838 1748 978 1828 σοριστής,

273 1819 331 1880 οὔτε
345 1820 421 1901 λόγον
435 1825 530 1899 κοινὸν,
544 1828 604 1889 οὔτε
617 1831 742 1909 λογισμόν
757 1832 838 1914 έχων.

490 1973 553 2026 436.
573 1980 633 2025 ΤΟΥ
650 1981 757 2031 moi.

232 2085 340 2146 Θᾶττον
355 2086 400 2161 έην
414 2092 520 2162 λευκοὺς
531 2093 647 2174 κόρακας
661 2099 761 2170 πτηνᾶς
774 2125 803 2162 τε
816 2103 935 2184 χελώνας

272 2178 370 2254 εὑρεῖν,
384 2177 402 2251 ἢ
414 2180 521 2255 δόκιμον
536 2183 635 2265 ῥήτορα
655 2189 854 2266 Καππαδόκην.

491 2335 561 2386 437.
583 2330 750 2396 ΑΡΑΤΟΤ.

230 2453 322 2520 Atriis)
337 2454 477 2534 Διότιμον,
492 2458 519 2524 ὃς
534 2461 560 2519 ἐν
576 2462 699 2541 πέτραισι
712 2464 844 2540 κάθηται,

270 2544 430 2626 Γαργαρέων
444 2548 536 2636 παισὶν
548 2553 617 2629 βῆτα
632 2554 678 2612 καὶ
697 2553 769 2635 όλρα
781 2555 875 2634 λέγων.

459 2691 529 2744 438.
552 2686 798 2748 ΜΕΝΑΝΔΡΟΥ.

268 2810 397 2891 Κορινθίῳ
412 2811 533 2890 πίστευε,
546 2813 590 2870 καὶ
606 2813 643 2890 μὴ
659 2819 717 2895 χρῶ
730 2817 810 2899 ρέλῳ.

489 2965 555 3014 ιον.
580 2957 749 3018 unitor.

263 3080 303 3138 Τὸ
316 3078 363 3155 μὲν
377 3077 469 3160 Ἄργος
485 3080 592 3154 ἵππιον,
611 3085 635 3140 οἱ
652 3086 674 3142 δ’
687 3087 847 3154 ἐνοικοῦντες
859 3087 943 3151 λύκοι.

462 3233 529 3282 410.
555 3225 764 3286 ΠΙΤΤΑΚΟΥ.

261 3345 393 3423 Μεγαρεῖς
405 3343 431 3402 δὲ
448 3351 527 3424 φεῦγε
542 3345 655 3414 πάντας·
670 3349 718 3411 εἰσὶ
735 3350 786 3428 γθιρ
800 3355 900 3435 πικροέ.

468 3497 534 3545 ιιι.
556 3489 756 3551 ΦΙΛΙΣΚΟΥ.

259 3607 292 3665 '0
310 3609 448 3688 Πειραιεὺς
463 3613 560 3692 κέρυον
571 3613 630 3692 μέγ’
646 3615 702 3674 ἐστὶ
717 3615 762 3675 καθ
777 3618 861 3681 κενόν.

471 3753 533 3804 442.
554 3759 750 3810 ΑΛΕΣΠΟΤΟΝ.

223 3864 288 3944 'spis
302 3887 337 3941 με
355 3868 555 3948 τυραννήσαντα
570 3876 729 3944 τοσαυτάκις
747 3877 879 3949 ἐξεδέωξεν

263 3955 347 4030 δῆμος
362 3952 521 4036 Ἐρεχθῆος,
536 3963 583 4020 καλ
596 3962 651 4042 τρὶς
664 3965 828 4042 ἐπηγάγετο,

220 4041 264 4101 τδν
280 4043 363 4124 μέγαν
376 4048 403 4105 έν
422 4052 504 4129 βουλῇ
521 4051 728 4132 Πεισέστρατον,
742 4055 769 4124 θς
780 4055 824 4114 τὸν
839 4056 962 4138 Ὀμηρον

260 4132 386 4214 ήθροισα,
401 4141 536 4219 σποράδην
550 4141 580 4200 τὸ
595 4144 655 4222 πρὶν
668 4146 829 4224 ἀειδόμενον·

219 4223 347 4304 ἡμέτερος
360 4225 411 4308 χθρ
426 4237 510 4296 κεῖνος
525 4234 539 4289 ὁ
553 4232 663 4312 χρύσεος
684 4225 716 4307 ήν
729 4236 873 4310 πολιήτης,

259 4311 333 4392 εἴπερ
345 4312 476 4385 Ἀθηναῖοι
494 4319 620 4399 Σμύρναν
634 4321 820 4401 ἀπῳκέσαμεν.

511 4491 568 4546 434.
588 4507 704 4545 ιιυευει.

218 4571 309 4618 Lumen
322 4577 349 4617 ut
362 4569 465 4620 extinxit
476 4583 574 4624 rexatus
587 4576 666 4642 pulice
680 4578 756 4629 multo

251 4648 346 4714 Morio,
356 4653 410 4700 Jem
423 4667 518 4704 menon
533 4655 671 4722 invenietis,
685 4659 727 4710 sit.

511 4748 569 4804 433.
588 4765 705 4800 εευεοιιε.

215 4823 360 4891 Suuipis‚n
368 4823 579 4892 pietur,i0rmam;
593 4841 618 4882 st
629 4849 674 4882 νον
687 4834 737 4884 sois
751 4846 845 4887 reeusst

249 4907 357 4961 Artificis
369 4909 478 4961 dextrum
490 4913 552 4964 victe
565 4917 646 4966 coiere
657 4919 734 4984 sequi.

510 4999 566 5055 434.
583 5017 700 5051 usensis.

215 5076 239 5128 Si
251 5086 324 5146 capnt
335 5077 428 5145 absque
439 5077 506 5144 uitis,
519 5079 681 5150 humerosque
693 5095 717 5136 et
727 5097 824 5152 pectora
836 5105 929 5151 ternus,

248 5161 335 5213 Dicere
348 5179 379 5213 ne
389 5161 500 5226 dubites,
511 5165 591 5216 cairus
602 5165 642 5218 hie
654 5179 689 5219 est
704 5170 793 5222 istnus.

1095 1463 1153 1516 nihii
1166 1467 1302 1534 interroges
1317 1473 1438 1524 :stultum
1447 1475 1516 1526 rides
1527 1477 1632 1530 ostrum.

1341 1613 1406 1660 435:
1419 1624 1573 1668 musnsst.

1063 1745 1147 1798 ttirsrt
1159 1747 1220 1799 mihi
1232 1750 1316 1812 iubet,
1328 1755 1453 1814 quemodo
1464 1758 1542 1819 Bytus
1555 1757 1589 1808 sit
1601 1759 1711 1824 sophista,

1092 1847 1174 1898 neque
1187 1849 1324 1890 sermonem
1339 1855 1510 1907 communem,
1524 1859 1605 1909 neque
1616 1851 1713 1898 mentem
1724 1849 1796 1901 iubens.

1342 1985 1398 2034 436.
1420 1995 1571 2040 Εθῦθῦῑὶί.

1061 2114 1139 2166 citius
1153 2117 1304 2183 contingeret
1312 2121 1381 2174 albos
1392 2137 1494 2185 nervos,
1505 2127 1664 2192 volucresque
1675 2132 1782 2182 testuiires

1090 2203 1214 2268 invenire,
1230 2219 1305 2270 quam
1317 2209 1422 2273 probum
1436 2213 1560 2266 rhetorem
1572 2216 1736 2281 cursionis

1361 2346 1416 2394 437.
1433 2347 1537 2396 istil.

1058 2467 1135 2518 Doleo
1147 2469 1298 2550 metimur,
1310 2474 1353 2537 qui
1366 2475 1392 2525 in
1410 2477 1477 2527 sexis
1489 2478 1611 2542 enusidit,

1090 2560 1279 2624 Gergnrensinm
1290 2565 1374 2628 pueris
1388 2566 1446 2618 heta
1455 2571 1480 2618 et
1494 2571 1566 2634 sipha
1577 2572 1669 2623 disens.

1325 2700 1381 2748 438.
1397 2701 1570 2753 MENANDRI.

1056 2822 1182 2875 corintffie
1195 2825 1281 2890 erede,
1294 2831 1321 2880 et
1331 2842 1363 2882 ne
1374 2833 1445 2883 utere
1458 2833 1545 2884 amieo.

1350 2966 1404 3010 4:39.
1422 2962 1540 3010 Dii‘issti

1054 3095 1131 3156 Mitt
1139 3092 1239 3160 quidem
1252 3097 1438 3163 equis-aptum,
1452 3101 1538 3155 inenlae
1549 3118 1610 3156 rere
1619 3107 1676 3172 tupi.

1342 3245 1398 3294 440.
1414 3246 1548 3297 Ptt'ttci.

1052 3351 1206 3416 Megarenses
1215 3369 1276 3408 rere
1291 3359 1347 3424 iuge
1359 3367 1462 3416 cunctos
1476 3384 1483 3416 :
1496 3369 1555 3417 sunt
1564 3368 1629 3418 enim
1644 3370 1724 3420 scetii.

1325 3496 1380 3544 441.
1396 3497 1543 3548 Pitttlsct.

1051 3606 1160 3661 Piraeeus
1171 3623 1222 3661 nux
1234 3625 1324 3679 megin
1333 3618 1372 3668 est
1385 3620 1411 3669 et
1421 3617 1508 3670 inanis.

1317 3753 1373 3803 442.
1395 3761 1555 3805 innuisti.

1048 3891 1145 3941 terme
1156 3887 1362 3953 rernm-potitum
1376 3888 1451 3940 toties
1465 3890 1559 3954 expulit

1078 3977 1183 4044 populus
1192 3976 1337 4038 necinus,
1351 3978 1378 4028 et
1388 3979 1427 4028 ter
1436 3976 1550 4038 reduxit,

1046 4081 1161 4133 mugitum
1172 4067 1311 4120 ineensiiin
1322 4066 1489 4130 Pisistratum,
1502 4069 1546 4132 qui
1557 4071 1688 4120 Homerum

1076 4156 1170 4222 οοΙΙοεὶ,
1188 4155 1292 4220 sparsim
1306 4155 1376 4220 prius
1391 4154 1565 4218 decantatum

1045 4246 1129 4296 nester
1139 4243 1206 4296 enim
1218 4243 1260 4294 iiie
1271 4256 1361 4294 eureus
1370 4246 1425 4294 eret
1434 4244 1510 4308 ciris,

1075 4332 1096 4383 si
1105 4332 1206 4397 quidem
1214 4331 1375 4383 Athenienses
1387 4335 1515 4396 Smyrnam
1527 4331 1763 4384 coloni-snudidiuus.

1339 4496 1397 4552 435.
1416 4511 1533 4546 unsnsrs.

1045 4578 1163 4627 Miramur
1172 4575 1258 4626 rhetor
1272 4575 1314 4642 qui
1330 4576 1406 4626 iaetus
1416 4577 1447 4627 sit
1459 4579 1548 4643 Bytus‚
1558 4577 1578 4627 is
1587 4593 1659 4643 quern

1076 4662 1214 4712 Communis
1224 4675 1306 4710 sensus
1320 4659 1400 4710 deficit
1411 4669 1435 4710 et
1444 4660 1517 4712 ratio.

1330 4743 1389 4799 436.
1407 4757 1524 4794 nusum.

1043 4826 1119 4877 tibus
1131 4826 1179 4877 erit
1193 4843 1280 4877 οοινυε
1288 4825 1356 4894 prius
1366 4834 1392 4877 et
1402 4826 1496 4877 testudo
1506 4827 1615 4889 rotabit,

1066 4910 1145 4971 Quem
1157 4909 1254 4959 doctum
1267 4908 1349 4959 videus
1360 4907 1458 4959 rhetore
1472 4909 1646 4976 Cappadocem.

1354 5003 1413 5064 437.
1430 5015 1513 5053 suist.

1040 5097 1118 5157 Lugeo
1130 5103 1168 5150 te,
1184 5093 1304 5158 Diutius,
1316 5093 1355 5144 cui
1369 5109 1424 5144 sexa
1434 5093 1532 5144 horrida
1540 5095 1616 5154 sedes,

1071 5174 1228 5240 Gargaridum
1239 5191 1326 5242 pueros
1336 5175 1401 5226 unde
1412 5175 1530 5226 elementa
1539 5173 1618 5226 doces
