3734 5920
317 446 441 508 CAPUT
461 447 512 506 xl.
535 442 815 506 EPIGRAMMATA
836 442 1067 504 CONVIVALIA
1093 443 1142 502 ΕΤ
1162 443 1366 504 lllRlSORlA.
1588 447 1648 510 303
1710 403 1711 414 ί

277 588 325 640 or.
350 579 568 640 ΑΜΜΙΑΝΟΥ.

45 726 90 802 'legi
102 719 289 798 Στροτονικείῳ
304 718 379 776 πόλιν
392 717 476 788 ἀλλην
492 717 668 794 οἰκοδομεῖτε,

83 809 207 880 ἣτοότοις
223 807 306 878 ἄλλην
321 808 482 882 οἰκοδομεῖτε
497 805 583 864 πόλιν.

302 953 346 1004 98.
366 955 425 1001 ΤΟΥ
443 953 549 1000 ΑΥΤΟΥ.

42 1077 129 1138 'Esto
143 1075 304 1155 μητρόπολις
315 1079 417 1156 πρῶτον
430 1075 520 1148 πολις,
536 1065 593 1134 εἶτα
606 1071 723 1152 λεγέσθω

83 1164 244 1244 μητρόπολις·
258 1161 295 1239 μὴ
309 1169 366 1236 νῦν,
383 1164 461 1236 ἡνίκα
475 1162 542 1241 μηδὲ
554 1163 639 1229 πόλις.

270 1308 319 1358 υτ.
343 1301 586 1390 lormmror.

1158 585 1198 632 υτ.
1212 584 1358 632 sutilem.
1443 569 1446 580 '

866 725 1017 776 Stratonicen
1028 724 1113 775 urbem
1123 724 1197 776 aliem
1212 725 1326 782 condite,

896 815 941 862 eut
955 811 995 862 tris
1004 812 1076 863 ctiam
1089 813 1187 863 condite
1200 812 1297 863 urbem.
1388 865 1390 868 ,

1155 955 1195 1002 98.
1217 962 1367 1006 ciosum.

864 1077 922 1124 Esto
931 1074 1071 1138 metropolis
1079 1073 1186 1137 primum
1195 1073 1255 1125 urbs
1262 1074 1337 1140 (πόλις
1345 1075 1363 1138 ),
1374 1075 1461 1127 deinde
1470 1077 1567 1129 dir-ntor

895 1163 1051 1226 metropolis:
1061 1175 1091 1212 ne
1099 1162 1282 1224 dicotoruunc,
1289 1165 1422 1227 quondnnc
1429 1166 1570 1228 estquidem
1577 1167 1646 1216 urbs.

1160 1315 1199 1361 oo.
1220 1313 1366 1363 Lucretii.

43 1449 93 1508 Τὸν
105 1447 195 1505 λεπτὸν
211 1451 334 1522 φυσῶντα
346 1445 377 1506 τὸ
393 1453 445 1526 πῦρ
462 1447 585 1526 Πρόκλον
596 1437 658 1526 ἦρεν
670 1447 806 1520 iucunde,
867 1452 973 1499 Parrum
987 1447 1237 1499 lictu-accendentem
1251 1451 1319 1513 ignes
1328 1451 1443 1500 Proetum
1457 1451 1596 1501 sublcrcrit
1610 1452 1647 1504 tu·

80 1537 123 1595 καὶ
137 1535 178 1593 iri
191 1539 243 1593 τῶν
256 1537 367 1616 θυρίδων
379 1535 449 1595 ἔνθεν
462 1537 578 1606 ἀπῆλθεν
594 1534 674 1615 ἔχων.

43 1625 118 1683 'siit
131 1625 204 1700 μόλις
213 1624 309 1706 νερελῃ
324 1622 519 1703 προσενήξατο,
531 1623 578 1682 καί
590 1622 623 1681 δι’
637 1621 736 1693 ἐκείνης

80 1709 247 1791 προοκατέόη
259 1709 366 1793 τρωθεὶς
381 1711 464 1791 μυρία
479 1717 536 1777 ταῖς
550 1710 668 1786 ἀτόμοις.

260 1893 264 1900 .
294 1853 355 1905 ίθΟ.
374 1857 434 1903 ΤΟΥ
451 1856 558 1905 ΑΥΤΟΥ.

36 1985 118 2046 stirs»
130 1984 290 2064 κουφότατος
304 1984 368 2042 πέλε
381 1983 479 2056 Γάϊος,
494 1982 557 2046 ὥστ’
569 1982 707 2052 ἐκολθμόα

76 2079 120 2131 τό]
131 2072 207 2139 ποδὸς
218 2069 409 2150 ίκκρεμόοοςῆ
427 2073 498 2130 λίθον
512 2071 529 2142 ἢ
546 2070 667 2150 μολιθον.

295 2226 358 2277 101.
377 2228 436 2274 ΤΟΥ
451 2227 559 2276 ΑΥΤΟΥ.

1 2327 2 2382 ί
42 2352 159 2424 Ῥεπιζων
177 2357 203 2413 ἕν
216 2353 306 2422 timore
317 2353 468 2434 Δημήτριος
483 2353 678 2434 Ἀρτεμιδώρου

1 2447 2 2495 ἰ
76 2440 123 2514 τὴν
136 2442 254 2515 λεπτὴν,
268 2443 298 2501 ἐκ
313 2447 359 2502 τοῦ
372 2443 493 2521 δώματος
510 2440 642 2510 silicio.

113 2593 182 2646 1⁰2.
203 2584 424 2656 ΑΜΜΙΑΝΟΥ,
445 2585 469 2640 οἱ
484 2581 511 2641 δὲ
532 2583 743 2643 ΝΙΚΑΡΧΟΥ.

44 2724 163 2804 Ἐξοίρυτν
178 2728 239 2783 ποτ’
252 2725 367 2783 ἄκανθαν
379 2729 392 2782 ὅ
402 2723 556 2791 λεπτακινὸς
572 2724 703 2802 Διόδωρος

79 2815 152 2881 αὐτὸς
169 2811 315 2892 ἐτρύπησεν
328 2815 366 2895 τῷ
381 2813 440 2870 ποδί
456 2812 503 2885 rip
520 2812 638 2892 βελόνην.

260 2968 326 3016 103.
349 2955 598 3016 ΑΟΥΚΙΑΑΙΟΥ.

43 3097 86 3164 Ἐξ
101 3095 205 3172 ἀτόμων
220 3094 377 3175 Ἐπίκουρος
388 3093 448 3152 ὅλον
461 3093 506 3154 τὀν
521 3092 620 3169 κόσμον
633 3093 745 3173 ἔγραψεν

79 3177 142 3245 εἶναι
151 3230 159 3257 ,
169 3190 247 3243 τοῦτο
263 3187 361 3256 δοκῶν,
373 3180 500 3260 Ἀλκεμε,
514 3183 687 3243 λεπτότατον.

1 3242 2 3327 ί
45 3277 74 3336 Εἰ
87 3273 112 3333 δὲ
125 3274 183 3333 τότ’
195 3265 228 3346 ἦν
242 3273 405 3354 Διόροντος,
422 3271 534 3351 ippodes
548 3270 578 3329 ἂν
594 3275 624 3330 ἐκ
638 3269 803 3351 Διοφάντου,

1 3352 2 3404 ί
78 3369 119 3421 rui
130 3362 177 3422 καί
191 3367 244 3421 τῶν
260 3361 366 3440 ἀτόμων
380 3360 464 3419 πουλύ
477 3383 501 3416 τι
513 3359 684 3439 λεπτοτέραν,

44 3449 101 3522 ivd
115 3453 162 3528 μίν
179 3448 237 3509 ἄλλ’
252 3449 351 3528 ἔγραψε
363 3447 521 3507 συνεστάναι
535 3447 562 3514 ἐξ
576 3447 682 3522 ἀτόμων
695 3445 747 3520 ἂν,

79 3541 106 3598 ἔκ
118 3538 210 3597 τούτου
225 3539 248 3596 θ’
267 3537 364 3607 αὐτὰς,
378 3534 490 3608 Ἀλκιμε
498 3543 508 3607 ,”
521 3535 568 3603 τὰς
578 3536 702 3610 ἀτόμους.

301 3681 361 3731 104.
376 3683 436 3728 ΤΟΥ
456 3682 563 3731 ΑΥΤΟΥ.

47 3811 168 3874 'insieco
185 3811 306 3888 μύρμηκε
318 3808 518 3888 Μενέστρατος,
538 3811 572 3873 ὡς
586 3809 726 3886 ἒλέρεντι,

340 3995 381 4042 97.
398 3993 521 4027 κτττττεττ.

1 4127 2 4130 .
46 4091 88 4136 ,tot
98 4087 245 4137 Stratonicen
260 4086 319 4135 tinnt
328 4101 389 4135 nors
404 4085 492 4134 mtenia
506 4083 567 4148 soli,

73 4179 118 4220 Aut
128 4172 212 4220 urbem
226 4169 326 4236 reliquis
337 4168 453 4219 mditicatc
463 4184 559 4220 noram.

336 4287 379 4350 98.
395 4301 514 4336 ιτοευιττ.

48 4399 104 4450 iistis
114 4409 139 4449 ut
147 4400 179 4450 sit
193 4399 296 4458 matrix,
308 4399 366 4450 urbs
376 4399 408 4450 sit
423 4398 489 4466 prius
498 4397 550 4466 ipss
561 4415 657 4450 necesse
671 4409 720 4462 est;

76 4486 128 4531 linc
138 4498 195 4532 sero
206 4482 254 4532 dici
264 4482 375 4548 jurense
386 4481 445 4532 urbs
455 4483 544 4534 valent.

336 4607 378 4658 99.
398 4608 521 4643 τετοτειττ.

50 4701 164 4767 diripitur
175 4702 241 4768 (tam
250 4717 338 4768 pervers
350 4704 416 4768 erut)
429 4717 473 4768 ρετ
485 4711 568 4769 aperta
581 4701 690 4751 fenestre

78 4783 105 4831 vi
116 4783 186 4844 tomi,
198 4783 280 4850 tepido
292 4784 349 4833 dum
360 4783 403 4834 liet
411 4784 438 4833 iu
447 4784 501 4848 igne
507 4819 516 4845 ,
527 4784 642 4845 Proclm3

51 4866 105 4926 enge
115 4867 177 4931 qood
191 4866 217 4915 in
226 4865 316 4915 nubem
327 4881 384 4914 mox
396 4865 496 4927 incidit,
511 4873 585 4931 utque
594 4881 638 4932 per
647 4866 722 4932 ipsum

77 4949 212 5011 Descendit,
225 4965 370 5014 quamquem
377 4949 471 4999 saucios
485 4965 516 4999 ex
527 4949 623 5000 atomis.

339 5074 394 5109 100.
412 5074 531 5109 ΗΟΟΙΥΕΙ.

54 5163 114 5216 Gaius
123 5167 266 5233 usqueadeo
279 5165 339 5218 lcris
351 5177 386 5218 est
400 5181 407 5219 :
422 5185 472 5217 non
484 5167 607 5232 mergitur,
618 5167 662 5217 etsi

82 5248 205 5314 Suspendat
216 5249 342 5317 plumbum
352 5249 381 5299 dc
388 5250 449 5318 pede
464 5249 501 5300 rel
513 5249 626 5317 lapidem.

896 1540 923 1587 ct
932 1551 976 1601 per
986 1537 1104 1616 fenestras
1115 1535 1174 1586 hinc
1188 1536 1249 1587 abiit
1266 1535 1403 1587 sicut-eret.

866 1624 914 1675 Sed
928 1623 968 1673 uix
980 1623 1077 1676 nebule
1093 1622 1208 1684 adnavit,
1222 1627 1248 1674 ct
1258 1637 1301 1689 per
1314 1638 1369 1674 com

1586 1538 1651 1602 [mm

828 1705 830 1710 ’
897 1711 1100 1774 uun-descendit,
1112 1711 1255 1761 ruluerctus
1268 1711 1357 1762 millies
1365 1712 1463 1763 atomis.

1147 1857 1201 1908 1⁰0.
1223 1863 1377 1906 musonii.

866 1996 904 2044 lta
916 1993 1057 2044 levissimus
1068 1995 1122 2044 erat
1134 1992 1223 2054 Gaios,
1233 1995 1263 2043 ut
1271 1995 1367 2042 nataret

897 2081 959 2146 pede
971 2081 1123 2146 suspendens
1139 2081 1180 2132 rel
1193 2080 1301 2146 lapidem
1316 2081 1356 2130 rel
1366 2081 1507 2145 plumbum.

1137 2227 1190 2274 iol.
1212 2233 1364 2274 mosomo.

867 2362 994 2414 ventilans
1004 2362 1028 2412 in
1038 2363 1130 2414 somnis
1139 2363 1282 2414 Demetrius
1293 2362 1473 2413 Artemidorum

899 2451 1029 2514 gracilem,
1045 2465 1059 2500 c
1073 2454 1141 2501 tecto
1153 2451 1250 2515 dejecit.

1025 2595 1076 2640 tot.
1092 2594 1248 2652 ΑΜΑΙῙΑΝΙ,
1264 2589 1318 2640 otiis
1329 2591 1486 2640 uicinum.

865 2724 999 2773 attrahens
1012 2723 1138 2786 quondum
1150 2725 1246 2788 spinam
1258 2707 1407 2789 macilentus
1419 2727 1544 2777 Diodorus·

895 2813 947 2877 ipse
961 2811 1094 2863 terebravit
1103 2813 1165 2876 pede
1178 2827 1261 2864 ocum.

1156 2971 1208 3016 103.
1226 2966 1371 3016 Locrum.

840 3128 844 3134 «
867 3101 901 3146 Ex
911 3097 1000 3149 atomis
1012 3097 1132 3162 Epicurus
1141 3100 1223 3148 totum
1234 3096 1354 3148 ruundum
1369 3093 1468 3158 scripsit

896 3199 967 3246 esse,
980 3183 1028 3236 hoc
1036 3189 1138 3250 putens,
1153 3184 1254 3244 Alcime,
1269 3195 1322 3235 esse
1333 3181 1515 3234 tenuissimum.

866 3274 892 3323 Si
916 3286 976 3324 τετυ
995 3275 1056 3324 tuuc
1077 3273 1165 3323 loiseel
1179 3271 1348 3336 Diophantus,
1371 3269 1510 3334 scripsisset
1523 3272 1611 3319 ortum
1624 3282 1653 3318 ετ

896 3361 938 3412 illo
946 3361 987 3412 rel
1000 3361 1090 3412 atomis
1104 3361 1183 3411 multo
1199 3359 1312 3422 exiliore,
1482 3356 1651 3422 [Diophanto.

865 3453 910 3500 not
922 3454 1005 3502 cetera
1015 3449 1116 3514 quidem
1130 3448 1268 3514 scripsisset
1278 3447 1448 3500 οοοθοίε-εεεε
1461 3459 1493 3499 ετ
1507 3446 1605 3504 eloritis,

896 3552 925 3588 ex
934 3537 982 3588 hoc
993 3541 1077 3588 cutem
1085 3538 1150 3602 ipsos
1161 3575 1168 3600 ,
1178 3535 1287 3599 Alcime,
1299 3537 1403 3587 atomos.

1149 3683 1201 3729 Υθθ.
1224 3687 1374 3731 BJUSDEM·
1419 3679 1423 3687 ’
1453 3704 1454 3707 ’

866 3819 986 3882 Equitius
1000 3818 1142 3868 intermicet
1155 3819 1322 3869 Menestratus
1334 3818 1363 3866 ut
1374 3815 1559 3900 ign-elephante,

1168 3994 1211 4026 101
1217 4015 1223 4028 .
1243 3993 1358 4024 UUSDEM.

867 4079 893 4123 ln
905 4091 989 4124 somno
1000 4074 1098 4124 sufflans
1107 4074 1245 4125 Demetrius
1256 4071 1437 4123 Artemidorum

900 4156 976 4223 Ejecit
987 4157 1080 4224 (tentiis
1091 4165 1142 4206 tam
1153 4155 1199 4206 tuit
1210 4155 1270 4222 illn)
1284 4156 1366 4205 domo.

980 4272 1036 4304 του.
1051 4271 1179 4316 innitur,
1195 4251 1325 4302 secundum
1335 4251 1395 4302 οίίοε
1410 4267 1539 4301 ττοετοτττ.

866 4350 929 4395 Dum
940 4345 1019 4395 tenuis
1029 4344 1123 4412 spinam
1137 4342 1257 4393 Diodorus
1268 4341 1358 4391 vellere
1373 4350 1466 4405 tentat,

900 4431 960 4476 Ecce
973 4427 1034 4493 pede
1046 4427 1096 4493 ipse
1109 4441 1152 4475 suo
1164 4423 1341 4492 perterebravit
1352 4439 1431 4475 noum.

1165 4541 1220 4588 103.
1238 4553 1363 4588 εοοτττττ.

866 4645 900 4691 Ex
913 4641 998 4691 atomis
1008 4640 1125 4706 Epicurus
1137 4640 1170 4690 nit
1180 4639 1311 4690 consistere
1323 4639 1456 4700 muudum,

899 4725 1007 4786 Alcime,
1021 4725 1058 4774 uil
1069 4724 1156 4774 atomis
1167 4725 1225 4773 dum
1233 4723 1313 4774 minus
1325 4740 1377 4773 esse
1390 4731 1468 4789 putot.

866 4808 966 4858 Viveret
980 4816 1005 4857 et
1018 4808 1040 4858 si
1055 4825 1136 4870 nunc,
1151 4817 1307 4875 componeret
1319 4823 1349 4856 εκ
1364 4805 1504 4872 Οἰορίττττιο

900 4892 987 4943 Omnia
999 4909 1005 4944 z
1020 4908 1123 4958 nemque
1133 4891 1220 4941 ntomis
1230 4890 1342 4941 omnibus
1351 4890 1392 4940 ille
1404 4890 1500 4950 minor3

867 4981 958 5026 Cernere
973 4977 1013 5027 vel
1023 4993 1053 5026 ex
1063 4975 1149 5025 atomis
1161 4984 1332 5041 componeret,
1343 4989 1374 5023 ex
1385 4972 1525 5040 Diopheulo

902 5061 934 5108 Ut
948 5068 1028 5107 tamen
1037 5073 1087 5107 esse
1099 5057 1161 5124 ipses
1170 5056 1261 5107 diecret
1273 5055 1430 5108 lusitanos.

1164 5165 1220 5213 rot.
1239 5172 1357 5207 ετοεττεττ.

868 5248 976 5300 Formica
989 5248 1085 5300 vehitur
1097 5247 1155 5298 dum
1169 5247 1230 5298 torte
1239 5251 1412 5306 Menestratus,
1429 5244 1486 5296 inde
