3780 5920
244 364 303 424 528

280 487 325 544 καὶ
336 485 414 551 Τίτος
428 482 526 562 εὐρείας
539 485 615 561 ἄγαγ’
632 487 678 544 ἀπ’
694 482 821 550 Ἰταλίας·

241 576 298 632 ἀλλ’
313 573 383 650 ὁμὲν
396 573 512 652 Εὐρώπα
527 573 618 629 δοῦλον
632 571 706 646 ζυγὸν
721 569 812 650 αὐχένι
827 569 914 641 θήσων

280 653 367 732 ἦλθεν,
383 666 397 719 ὁ
410 661 432 719 δ’
445 659 592 736 άμπαύσων
604 657 723 718 Ἑλλάδα
739 658 902 724 δουλοσύνας.

557 801 583 850 6.
602 801 739 846 aennon.

244 934 369 1010 Κοίρανος
385 933 527 1010 Εὐρώπας,
542 936 555 989 θ
568 933 613 990 καί
624 934 660 990 είν
676 932 719 989 atii
734 932 779 990 καί
790 933 858 990 κατά
872 933 965 1012 χέρσον

280 1019 372 1077 τόσσον
388 1018 452 1084 οίναξ
468 1021 585 1092 θνατῶν,
604 1018 670 1084 Ζεὺς
683 1017 742 1076 ὅσον
760 1019 906 1090 ἀθανάτων,

242 1107 345 1186 ίίίνοδίιρ
359 1106 392 1164 τὰ
406 1108 500 1185 λάρυρ’
511 1104 612 1186 Ἑκάτα
626 1107 731 1184 θρασέος
748 1108 880 1183 Κιροάδα,

281 1195 325 1251 καί
339 1194 449 1264 τέκνοιν,
462 1194 507 1252 καί
521 1193 584 1260 ὅλας
597 1203 645 1271 γᾶς
663 1193 728 1251 ἔθετ’
743 1195 913 1272 Ὀδρυσίδος,

241 1281 293 1350 υἱὸς
306 1281 434 1358 ίῦμμελία
451 1281 613 1361 Δαματρίου·
629 1281 645 1338 ά
659 1281 687 1340 δὲ
702 1283 839 1342 Φιλίππου

282 1371 341 1436 δόξα
357 1369 436 1427 πάλιν
452 1369 527 1427 θείων
544 1369 608 1448 δίγχι
625 1366 721 1447 βέύακε
736 1367 839 1448 θρόνων.

518 1537 544 1584 τ.
568 1523 747 1584 Attaioi.

242 1667 386 1747 Σύμρωνον
403 1670 546 1743 μαλακοῖσι
560 1666 753 1744 κερασσάμενος
767 1665 839 1743 θρόον
854 1665 941 1730 αὐλοῖς

282 1755 413 1831 Δωρόθεος
428 1754 533 1833 γοερούς
549 1755 622 1814 ἔπνεε
638 1751 815 1832 Δαρδανίδας,

241 1843 286 1899 καὶ
301 1843 417 1918 Σεμέλας
438 1845 518 1901 ὠδῖνα
530 1843 680 1920 κεραύνιον,
692 1841 766 1904 ἔπνεε
783 1843 804 1899 δ’
817 1838 898 1900 innon

282 1928 401 2008 ἔργματ’,
415 1929 529 1997 άειζώιον
545 1929 677 2009 ἁψάμενος
691 1927 821 2006 Χαρίτων·

242 2023 333 2092 μοῦνος
348 2016 371 2074 δ’
385 2020 421 2075 εἶν
433 2021 525 2097 ἱεροῖσι
538 2016 681 2077 Διωνύσοιο
695 2015 842 2098 προφήταις

283 2105 385 2180 Μώμου
399 2104 531 2186 λαιψηρδς
542 2105 648 2184 ίξέιρυγε
663 2104 808 2181 πτέρυγας,

241 2193 358 2265 Θηὸαίος
374 2194 480 2270 γενεὴν,
496 2194 691 2258 Σωσικλέος·ίν
707 2192 734 2251 δέ
751 2191 848 2252 Αυαίου

224 2287 226 2292 ’
279 2285 336 2361 νηῷ
349 2279 474 2360 <popinis
488 2281 585 2352 θήκατο
599 2279 644 2339 καί
655 2279 798 2355 καλάμους.

534 2432 562 2481 8.
581 2433 640 2477 ΤΟΥ
657 2432 764 2479 ΑΥΤΟΥ.

243 2566 339 2624 ί)ὐκέτ’
356 2565 406 2622 sind
420 2564 541 2642 Φρυγίην
555 2561 736 2643 πιτυοτρύφον,
748 2561 782 2629 δίς
794 2585 875 2634 ποτε,
890 2561 1004 2642 μελψεις,

282 2659 384 2729 κροῦμα
400 2651 431 2710 δι’
446 2651 578 2730 εὐτρήτων
593 2652 766 2730 φθεγγόμενος
781 2651 907 2721 δονάκων,

242 2743 293 2800 οὐδ’
310 2741 348 2798 ἔτι
360 2743 417 2806 σαῖς
432 2739 568 2814 παλάμαις
581 2738 736 2816 Τριτωνίδος
752 2737 827 2817 ἔργον
842 2737 961 2808 Ἀθάνας,

281 2831 315 2894 ὡς
329 2827 401 2906 πρὶν,
414 2825 570 2897 ἐπανθήσει,
584 2826 739 2905 νυμφογενὲς
756 2827 867 2901 Σάτυρτ.

243 2917 282 2984 Δή
299 2917 349 2993 γὰρ
365 2913 554 2980 οίλυκτοπίδαις
569 2913 665 2995 σφίγγγ,
680 2913 776 2992 χέρας,
792 2910 884 2972 οὕνεκα
901 2909 1011 2989 Φοίύῳ,

281 3005 371 3068 θνατὸς
386 3001 443 3073 ἐὼν,
462 3001 532 3060 θείαν
546 3004 582 3067 είς
598 3001 649 3081 ἔριν
663 3001 799 3071 ἠντίασας.

244 3091 329 3150 lincol
344 3091 367 3147 δ’
381 3091 404 3146 ol
417 3088 555 3156 κλάζοντες
568 3086 624 3145 leon
639 3088 764 3165 φόρμιγγι
783 3085 907 3168 μελιχρὸν

281 3175 391 3234 ὤπασαν
405 3175 431 3243 ἐξ
445 3177 544 3236 ἀέθλων
559 3177 587 3234 οὐ
602 3174 708 3254 στέφος,
723 3177 781 3233 ἀλλ’
792 3175 878 3238 άίδαν.

548 3338 575 3388 9.
595 3341 734 3387 noanon.

243 3453 283 3522 'il
299 3461 399 3540 γαστὴρ
418 3461 558 3537 κυνάμυια,
575 3459 607 3516 δι’
624 3459 655 3530 ἣν
668 3457 780 3524 κόλακες
799 3458 940 3538 παράσιτοι

283 3555 371 3625 ζωμοῦ
381 3552 512 3609 πωλοῦσιν
527 3547 623 3622 θεσμὸν
638 3547 790 3623 ἐλευθερίης.

246 3669 402 3683 ——u-

276 3725 305 3769 Et
316 3722 384 3772 Titus
396 3719 485 3783 nigenii
497 3718 563 3767 duxit
573 3718 603 3766 ab
615 3718 684 3765 italia
699 3731 705 3764 ι

244 3803 288 3851 ille
296 3803 352 3866 jugo
366 3801 464 3866 cupiens
475 3802 576 3863 Europae
587 3797 689 3846 subdere
702 3797 777 3857 colla,

277 3884 322 3932 llic
331 3883 430 3932 Graium
442 3881 540 3948 cupiens
550 3880 611 3930 oolla
624 3881 775 3945 lerarejngo.

560 4009 585 4058 6.
600 4023 709 4058 επαιπτι.

245 4121 343 4182 Europae
357 4117 480 4174 dominns,
491 4114 532 4180 qni
545 4124 661 4181 qnantum
674 4123 709 4164 est
720 4114 831 4179 iuppiter
842 4112 867 4163 in
880 4113 939 4177 Dis,

275 4205 378 4252 Tantum
390 4207 426 4248 est
435 4215 478 4264 per
491 4209 565 4248 terras
577 4205 603 4247 et
616 4197 676 4247 ireta
688 4206 752 4247 uasta
766 4197 850 4257 maris,

244 4290 292 4335 llas
300 4285 387 4334 Triviae
400 4282 496 4332 exuvias
508 4282 549 4331 dat
560 4282 589 4330 de
602 4281 703 4332 Ciroade
715 4281 788 4332 ieroci

277 4371 306 4416 lit
318 4367 379 4416 natis
391 4375 415 4414 et
428 4366 457 4414 de
469 4363 557 4413 tinibus
568 4364 683 4430 Odrysiis.

245 4450 307 4498 Huic
316 4450 408 4513 genitor·
422 4448 489 4497 iortis
500 4447 638 4497 Demetrius
648 4464 656 4507 ς
669 4447 719 4512 ipsa
732 4446 836 4513 Philippi

278 4530 394 4579 AEthcrias
407 4529 500 4595 pridem
513 4529 563 4577 laus
575 4527 603 4578 iit
615 4545 688 4592 nsrpne
701 4528 791 4578 domos.

567 4659 591 4703 7.
611 4659 698 4690 ancer.

244 4744 392 4794 Multiiorem
402 4745 492 4794 socians
505 4743 568 4793 rocis
578 4742 738 4792 modulamine
750 4743 825 4792 lotum
831 4779 839 4804 ,

277 4825 413 4876 Dorotheus
427 4825 506 4875 laudes
517 4823 694 4875 concelebravit
705 4825 774 4888 equi,

245 4917 348 4975 Fataque
359 4910 419 4960 dura
434 4908 566 4974 Phrygum,
579 4910 729 4973 Semelesqne
743 4907 768 4956 in
779 4907 880 4957 fulmine
892 4917 985 4973 partum
997 4926 1003 4959 :

277 4995 372 5056 Quanta
384 4991 462 5042 airum
476 4991 588 5040 illecebra
602 5000 651 5051 est,
666 4999 754 5056 quanta
768 4999 848 5040 seems
862 4994 947 5039 senus!
1046 5005 1048 5028 ¹

1045 5093 1048 5142 γ
1069 5073 1123 5122 Vah
1135 5084 1226 5132 venter,
1242 5090 1297 5124 nam
1309 5085 1335 5124 iu
1348 5076 1477 5142 parasitos,
1489 5077 1600 5138 sordide,
1615 5078 1674 5140 cogis

1044 5151 1049 5168 “
1101 5159 1144 5204 ius
1156 5155 1271 5206 libertatis
1286 5157 1387 5207 rendere
1396 5157 1449 5222 jure
1461 5157 1541 5225 coqui.

244 5080 312 5126 Unus
325 5074 364 5125 bic
376 5092 404 5125 ex
416 5091 530 5134 numero,
545 5083 579 5124 tot
594 5073 667 5123 habet
680 5083 738 5139 quot
752 5089 821 5123 scena
836 5073 970 5135 ministros,

278 5157 365 5222 Effugit
377 5173 479 5225 pennas,
490 5155 600 5223 improbe
611 5159 708 5217 Mome,
719 5163 780 5206 tuas.

806 359 1060 421 ANTHOLOGIAE
1090 360 1289 420 PrilanlNAE

1093 485 1118 531 et
1129 483 1198 533 Titus
1207 489 1347 536 exercitum
1364 487 1432 534 rasta
1440 483 1511 533 duxit
1526 499 1557 533 ea
1568 486 1636 535 italia
1649 511 1653 534 ;

1063 567 1106 617 sed
1118 569 1158 619 ille
1173 573 1277 635 Europe
1292 571 1381 622 servile
1391 571 1478 636 jugum
1489 573 1580 621 cervici
1589 573 1739 650 irnpmitnrns

1094 657 1175 717 venit,
1191 657 1232 708 hic
1247 673 1304 710 aero
1317 659 1444 710 solntnrns
1458 660 1601 710 Graecisms
1614 661 1717 712 servitio.

1381 809 1404 849 6.
1418 811 1555 851 inceleri.

1066 937 1209 987 nominator
1220 940 1337 1002 Europae,
1349 937 1392 1001 qni
1403 941 1427 988 et
1441 938 1467 987 in
1478 942 1552 1001 ponto
1561 942 1587 988 et
1600 953 1626 988 in
1640 939 1704 988 arida

1093 1027 1145 1074 mm
1153 1024 1272 1088 gubernat
1283 1026 1405 1082 mortens.
1419 1039 1494 1088 quam
1505 1027 1601 1088 Jupiter
1609 1027 1755 1082 immortales.

1066 1112 1284 1163 viarum-dominns
1298 1115 1399 1164 exuvias
1412 1117 1510 1164 iieeatae
1519 1114 1653 1164 de-audeci
1670 1115 1760 1166 Ciroada

1094 1204 1120 1250 et
1135 1201 1230 1264 liberis,
1245 1205 1271 1250 et
1283 1200 1380 1252 rie-tota
1390 1205 1454 1251 terra
1467 1202 1549 1264 posuit
1557 1201 1674 1266 Odrysia,

1065 1287 1131 1338 tilius
1144 1289 1252 1339 bellicosi
1267 1289 1398 1348 Demetrii3
1411 1289 1513 1353 Philippi
1524 1303 1582 1339 vero

1095 1377 1168 1440 gloria
1182 1391 1267 1427 rursus
1281 1377 1377 1427 divinos
1389 1391 1463 1441 prope
1476 1378 1580 1441 assurgit
1592 1377 1625 1427 ad
1638 1377 1741 1427 thronos.

1378 1524 1401 1570 7.
1418 1521 1528 1569 ALCAEI.

1067 1659 1240 1710 concinentem
1252 1660 1365 1710 mollibus
1376 1662 1483 1710 miscens
1492 1673 1579 1711 sonum
1588 1662 1657 1712 tibiis

1097 1755 1235 1805 Dorotheus
1244 1757 1369 1806 luctuosos
1380 1757 1487 1820 spirabat
1495 1758 1659 1820 Dardanidas,

1066 1846 1091 1892 et
1109 1842 1214 1892 Semeles
1234 1843 1391 1907 puerperium
1409 1844 1567 1904 fulmineum,
1582 1844 1692 1908 spirabat
1714 1859 1764 1894 rere
1777 1851 1814 1910 epu

1097 1930 1289 1990 iacta,eternas
1300 1929 1421 1994 attingens
1433 1931 1550 1981 Gratias:
1719 1931 1816 1996 [Trajan

1066 2017 1132 2067 solus
1141 2020 1224 2068 autem
1233 2017 1296 2067 inter
1310 2031 1393 2067 sacros
1406 2017 1504 2082 Dionysi
1518 2020 1651 2083 prophetas

1097 2105 1172 2154 illumi
1182 2105 1249 2155 lenes
1261 2105 1348 2170 elingit
1364 2121 1464 2172 μσπιιοο,

1066 2192 1196 2243 Thebanus
1205 2206 1301 2257 genere,
1312 2194 1409 2244 Sosiclis
1416 2194 1492 2255 fluas
1506 2213 1516 2246 .·
1529 2199 1600 2258 atquc
1616 2196 1642 2244 in
1659 2197 1721 2258 Lyaei

1098 2281 1190 2344 tempto
1202 2281 1334 2344 capistrum
1347 2281 1429 2344 posuit
1442 2284 1468 2332 et
1483 2283 1597 2334 cabmos.

1379 2433 1402 2477 8.
1426 2438 1575 2482 EJUSDEH.

1066 2571 1181 2635 lion-jam
1192 2586 1236 2637 per
1247 2573 1373 2638 Phrygiam
1383 2573 1523 2638 piniieram,
1537 2579 1565 2625 nt
1581 2576 1652 2632 olim.
1668 2564 1774 2634 cantabis

1098 2659 1229 2724 strepitum
1240 2673 1283 2724 per
1292 2660 1457 2712 bene-iocatas
1468 2677 1558 2714 sonans
1569 2665 1715 2726 suindines,

1067 2761 1144 2810 neque
1155 2748 1260 2812 amplius
1271 2747 1296 2798 in
1309 2749 1360 2800 tuis
1373 2751 1461 2812 palmis
1475 2751 1608 2802 Tritonidis
1626 2767 1689 2816 opus
1700 2753 1809 2810 itineris,

1098 2839 1127 2884 ni
1138 2835 1214 2898 prins,
1229 2837 1375 2898 emonensi,
1389 2839 1616 2903 onymphapenne
1625 2845 1719 2904 Satyre.
1729 2840 1819 2905 libem

1067 2925 1123 2973 Jnrn
1135 2924 1200 2974 enim
1215 2924 1498 2978 insolubilibus-vineolis
1516 2932 1645 2994 stringeris
1665 2945 1758 2991 manns,
1773 2933 1820 2994 qum

1098 3011 1209 3062 mortalis
1222 3013 1360 3075 quum-sis,
1370 3011 1478 3064 divinem
1494 3015 1519 3065 in
1531 3016 1600 3067 litem
1612 3031 1795 3082 es-congressns.

1068 3097 1166 3146 iistniae
1180 3110 1238 3147 rero
1252 3101 1388 3160 strepentes
1401 3099 1502 3151 citharae
1513 3101 1590 3152 instar
1600 3103 1800 3154 mellitum-sonum

1097 3185 1233 3234 attuierunt
1247 3197 1278 3234 ex
1290 3185 1422 3236 certamine
1435 3200 1483 3236 non
1497 3201 1632 3252 coronam,
1647 3191 1692 3241 sed
1705 3205 1789 3241 ormrn.

1372 3347 1397 3391 9.
1430 3353 1567 3396 iaceant.

1068 3479 1088 3524 0
1108 3480 1192 3527 venter
1203 3477 1586 3544 impudens-nocans-ctmusca
1596 3486 1821 3548 propterqnernnin·

1093 3563 1191 3626 Jnscnlo
1200 3564 1308 3616 vendunt
1316 3565 1395 3630 legem
1405 3567 1533 3620 libertatis.
1632 3571 1735 3635 [latores
1746 3573 1823 3635 paranti

1036 3665 1133 3676 nnn—an·-

1065 3718 1165 3767 Sosicles
1177 3731 1245 3784 peter
1255 3730 1305 3780 est,
1319 3721 1409 3772 Thebe
1422 3723 1506 3772 domus
1520 3741 1527 3775 τ
1542 3726 1592 3774 ede
1605 3731 1634 3790 1.)
1640 3729 1682 3776 rei

1101 3805 1170 3851 Nunc
1185 3802 1258 3852 lessus
1269 3804 1372 3853 calamos
1383 3817 1504 3857 coriscmn
1515 3818 1587 3872 atque
1599 3809 1666 3860 tides.

1371 3961 1394 4007 8.
1414 3976 1537 4015 rrusnrar,

1251 4109 1278 4156 ire
1289 4108 1436 4161 sirrrnlacrnm
1450 4114 1559 4178 Marsyae
1572 4115 1665 4178 Seisrr'.

1069 4237 1123 4286 Non
1136 4236 1242 4301 Pbrygiae
1253 4237 1351 4301 posthae
1367 4248 1392 4287 tu
1407 4255 1450 4303 per
1464 4239 1544 4304 pineta
1556 4242 1665 4298 sunnine,

1101 4318 1231 4366 Maritiioris
1242 4317 1331 4382 lingens
1342 4333 1437 4368 carmen
1446 4320 1619 4383 arundinibns;

1068 4402 1173 4450 licetne
1188 4399 1319 4449 Palladium
1334 4400 1405 4451 laciet
1421 4417 1503 4451 uranus
1516 4413 1572 4468 apta
1587 4413 1709 4469 repertum

1100 4483 1205 4541 Visere,
1221 4485 1358 4544 Musarum,
1371 4485 1484 4547 Ματεγα,
1495 4482 1629 4547 progenies.
1719 4541 1723 4547 ,

1068 4569 1120 4614 tien
1133 4581 1204 4630 qrram
1216 4565 1276 4614 dura
1288 4581 1372 4614 manns
1385 4566 1504 4629 stringunt
1517 4566 1562 4615 tibi
1576 4568 1669 4630 uincla,
1684 4569 1745 4634 qnod
1757 4582 1812 4616 ansus

1101 4653 1134 4697 'ie
1147 4649 1253 4698 mortalis
1265 4665 1317 4698 eras
1328 4649 1476 4716 aequiparare
1488 4653 1549 4699 Deo.

1069 4733 1100 4780 Δί
1112 4739 1195 4780 tennes
1207 4729 1305 4780 citharis
1317 4740 1435 4780 certantes
1448 4729 1553 4780 carmine
1566 4732 1609 4781 loti

1101 4818 1147 4863 Pro
1160 4813 1203 4862 tibi
1216 4823 1310 4879 sperata
1320 4812 1403 4863 fronde
1413 4813 1490 4862 inlere
1500 4829 1592 4865 necem

1383 4967 1408 5012 9.
1424 4965 1534 4999 rncearr.
