3746 5910
453 375 577 438 cnPuu
597 377 633 438 X.
657 375 939 439 Erruuauunrn
960 377 1268 440 uxuou‘rnroum.
1317 415 1319 418 -

861 508 867 602 γ
886 519 921 565 Ac
934 515 1025 566 dormit
1037 529 1118 576 mare,
1129 481 1190 566 'dum
1207 513 1405 578 zephyri-amans
1418 512 1579 577 tanquillitas

863 608 866 718 γ
918 603 1035 655 nariieris
1048 604 1129 656 dorsis
1139 616 1226 654 serene
1239 601 1399 665 seintendit,

863 723 867 804 γ
886 708 937 744 non
952 697 1037 744 contra
1048 694 1137 760 puppis
1146 694 1254 746 arietans
1267 693 1410 756 corymbos,

54 503 174 566 Ὑπνιίιει
190 507 218 566 δὲ
233 507 367 582 θάλασσα,
383 507 562 588 ριλοζερύροιο
576 507 692 583 γαλήνης

93 595 233 676 νηορόροις
244 594 334 661 νώτοις
347 593 420 655 εὔδια
434 596 621 672 πεπταμένης,

53 685 99 742 οὐκ
114 684 160 742 ἐπί
173 683 347 764 πρυμναίοισι
361 685 550 762 καταιγίζουσα
565 684 720 764 κορύμόοις,

12 789 32 824 iu
92 773 143 830 οὐκ
160 775 204 831 ἰπὶ
221 771 354 853 ῥηγμίνων
370 771 451 851 άρρὸν
463 772 633 850 έρευγομένη.

55 860 189 934 Nouelli,
202 859 389 936 ποντομέδοντι
401 859 446 919 καί
459 861 616 940 θρμοδοτῆρι
628 862 743 944 Πριήπῳ

92 947 211 1013 τευθίδος
226 946 242 1017 ἢ
256 945 362 1026 τρίγλης
378 946 554 1023 ἀνθεμόεσσαν
568 946 638 1020 ἴτυν,
864 989 867 1087 γ

54 1034 69 1108 ἣ
85 1037 187 1116 σκάρον
204 1035 334 1107 αὐδήεντα
350 1035 435 1114 παραὶ
451 1040 564 1116 βωμοῖσι
577 1036 718 1116 πυρώσας,

93 1125 212 1206 ἄτρομος
227 1125 320 1186 Ἰονίου
334 1127 419 1205 τέρμα
433 1125 637 1206 θαλασσοπόρει.

306 1286 350 1337 Π.
375 1278 601 1337 nundinor.

54 1427 202 1505 Ἀρχέλεω,
216 1429 354 1504 λιμινῖτα,
370 1425 403 1486 σὺ
415 1427 480 1502 μὲν,
497 1428 603 1506 μάκαρ,
620 1427 693 1508 ἠπίῳ
706 1426 774 1508 αὔρη

83 1514 187 1591 πέμπε
203 1513 272 1574 κατὰ
285 1518 414 1596 σταθερῆς
427 1514 569 1594 οἰχομένην
584 1513 676 1585 ὀθόνην

54 1602 131 1682 άχρις
143 1603 190 1663 ἐπὶ
200 1605 333 1682 Τρίτωνα·
348 1605 379 1662 σὺ
395 1602 417 1662 δ’
433 1603 507 1684 ᾐόνος
522 1602 591 1683 άκρα
605 1600 738 1682 λελογχὼς

92 1694 142 1764 τὴν
160 1693 204 1752 ἐπὶ
221 1691 332 1752 Πυθείου
349 1691 407 1771 ῥύεο
421 1691 591 1762 ναυστολίην·

55 1782 140 1840 κεῖθεν
155 1781 193 1854 δ’,
208 1783 232 1840 εἷ
245 1779 340 1859 Φοίόῳ
356 1780 529 1857 μεμιλήμεθα
545 1781 641 1847 πάντες
656 1780 754 1852 ἀοιδοί,

92 1871 248 1947 πλεύσομαι
264 1871 337 1930 εύαεῖ
349 1869 501 1950 θαρσαλέως
515 1867 634 1950 Ζεφύρῳ.

274 2019 322 2070 18.
346 2009 628 2070 ΑΡΓΕΝΤΑΡΙΟΥ.

54 2157 172 2236 raupa,
190 2157 322 2224 Διώνυσός
338 2181 367 2216 σε
382 2157 426 2216 καί
442 2163 459 2229 ἡ
474 2156 646 2237 ριλεράστρια
663 2157 765 2236 Κύπρις

92 2245 204 2325 τέρποι,
216 2248 261 2306 καί
276 2247 400 2326 γλυκεραὶ
414 2247 556 2326 γράμμασι
574 2245 704 2325 Πιερίδες·

54 2325 89 2394 ὧν
104 2335 220 2414 μὲνγὰρ
236 2337 329 2414 σορίην
345 2336 516 2415 άποθρὲπτεο·
531 2338 578 2405 τῆς
590 2333 613 2392 δ’
628 2336 654 2401 ές
669 2334 767 2413 ἔρωτας

94 2423 188 2504 ἔρχεο·
203 2428 250 2481 τοῦ
263 2423 290 2482 δὲ
302 2423 378 2502 ρίλας
391 2420 549 2500 λαύροπότει
565 2421 682 2488 κύλικας.

274 2581 319 2631 19.
345 2569 633 2630 ΑΠΟΛΛΩΝΙΔΟΥ.

56 2722 124 2782 Ἡδὺ
139 2721 275 2800 παρειάων
287 2726 392 2800 πρῶτον
408 2720 480 2801 θέρος
492 2721 577 2797 ἤματι
588 2720 674 2800 τούτῳ

93 2810 200 2888 κείρεο,
215 2810 261 2867 καὶ
275 2807 372 2885 γενύων
387 2809 490 2880 ἠϊθέους
502 2808 604 2881 ἕλικας,

58 2897 138 2958 Γάϊε·
155 2897 201 2956 σὸν
218 2896 246 2956 δὲ
261 2896 349 2976 πατὴρ
362 2898 422 2978 χερί
437 2897 537 2966 δέξεται
552 2896 644 2956 εὐκτὸν
658 2896 744 2956 ίουλον

94 2986 222 3060 Λεύκιος,
238 2984 380 3064 αὐξομένου
393 2984 490 3046 πουλὺν
505 2989 531 3053 ές
546 2987 644 3058 ἠέλιον.
706 2994 709 3002 ’

55 3081 208 3154 λωρεῦνται
221 3075 382 3154 χρυσέοισιν,
399 3073 450 3154 ἐγὼ
465 3076 488 3132 δ’
499 3075 599 3153 ἱλαροῖς
616 3072 751 3152 ἐλέγοισιν·

95 3167 126 3223 οὐ
140 3163 192 3244 γίιρ
207 3164 241 3236 δὴ
256 3161 371 3222 πλούτου
386 3165 484 3224 Μοῦσα
500 3163 659 3242 χερειοτέρη.

328 3325 377 3375 20.
402 3313 579 3374 lautior.

56 3457 109 3515 Ἠν
126 3479 181 3515 τινα
196 3455 278 3515 καλὸν
293 3456 365 3535 ἴδῃς,
380 3455 454 3521 εὐθὺς
467 3455 496 3514 τὸ
510 3458 622 3533 πρῆγμα
638 3452 787 3529 κροτείσθω·
865 3427 868 3461 ¹

100 3544 157 3621 βάζ’
172 3542 189 3600 θ
204 3550 313 3622 φρονεῖς·
330 3542 430 3623 ὄρχεων
446 3543 558 3620 δράσσεο
572 3540 663 3621 χερσὶν
677 3539 759 3607 θλαις·

57 3629 90 3701 ἣν
108 3633 132 3688 δ’
147 3630 238 3710 είπης,
255 3657 267 3685 ι
283 3629 342 3691 Τίω
355 3654 400 3703 σε,
417 3629 463 3690 καί
476 3627 589 3707 ἔσσομαι
605 3621 648 3708 ρῖά
661 3631 684 3688 τ’
699 3627 808 3710 ἀδελφός
824 3655 845 3698 ν,

98 3719 176 3788 αἰδώς
189 3743 236 3779 σου
248 3719 346 3780 κλείσει
362 3718 408 3792 τὴν
425 3719 465 3779 ἐπὶ
482 3717 590 3798 τοῦργον
605 3717 674 3778 θθόν.
792 3709 795 3713 ⁴

295 3873 344 3924 21.
369 3865 610 3924 olnoaualot.

59 4011 149 4088 Ιίύπρι
164 4011 308 4085 γαληναίη,
325 4007 497 4090 ριλονύμριε,
515 4008 604 4088 Κύπρι
620 4006 726 4066 δικαίων

100 4099 239 4178 σύμμαχα,
254 4098 345 4178 Κύπρι
361 4097 457 4158 Πύθιον
472 4102 555 4174 μῆτερ
573 4096 756 4166 ἀελλοπόδων,

1610 377 1668 434 ιλῧδ

918 797 967 834 non
980 784 1005 832 in
1015 783 1098 834 littora
1110 795 1224 846 spumam
1236 784 1359 832 eructans.

888 874 979 932 Nauia,
994 870 1170 922 maris-rectori
1182 873 1208 920 et
1223 867 1429 933 portuumdatori
1445 869 1530 932 Priapo

919 956 994 1021 sepias
1005 960 1049 1006 sut
1058 953 1128 1006 mulli
1140 955 1312 1006 versicolorem
1325 955 1422 1016 orbem,

888 1047 931 1096 aut
942 1057 1039 1095 scarum
1053 1045 1163 1094 vocalem
1176 1043 1207 1094 ad
1221 1057 1277 1095 aras
1290 1044 1511 1108 quum-cremaris,

865 1090 868 1211 ί
919 1133 1055 1197 intrepidus
1068 1133 1219 1183 lonii-maris
1231 1132 1262 1182 ad
1276 1132 1350 1183 linem
1363 1146 1445 1196 perge.

1170 1305 1206 1352 17.
1224 1302 1392 1350 anulorum.

889 1441 1015 1502 arthuri,
1030 1457 1046 1492 o
1061 1444 1256 1506 portus-custos,
1269 1444 1298 1492 tu
1310 1441 1425 1504 quidem,
1439 1441 1523 1503 beate,
1538 1442 1586 1492 leni
1598 1455 1658 1492 aura

919 1530 1001 1582 deduc
1016 1545 1031 1580 a
1044 1530 1199 1595 quieto-sinn
1211 1530 1343 1580 abeuntem
1359 1529 1487 1579 carbasum

889 1633 969 1684 usque
977 1619 1009 1670 ad
1014 1619 1138 1670 Tritonem
1148 1621 1190 1682 (ln
1200 1619 1318 1679 oliom);
1328 1619 1357 1667 tu
1371 1629 1429 1667 vero
1438 1630 1487 1666 orae
1494 1618 1672 1668 extremitatem

919 1709 1036 1760 directam
1048 1708 1080 1758 ad
1093 1707 1207 1772 Pythium
1217 1709 1287 1758 tuere
1300 1703 1492 1768 navigationem
1555 1704 1673 1768 [sortitus

889 1797 945 1848 inde
961 1800 1060 1860 autom,
1077 1791 1099 1848 'si
1111 1796 1204 1847 Plrmbo
1216 1807 1386 1846 curm-sumus
1397 1807 1482 1844 omnes
1495 1797 1579 1855 vates,

921 1886 1040 1950 navigabo
1051 1883 1196 1936 bene-llautl
1209 1884 1330 1948 impavide
1344 1883 1462 1948 Zephyro.

1156 2031 1191 2078 iil.
1208 2029 1410 2078 ARGENTARII.

889 2165 981 2229 Gobrp,
994 2166 1105 2216 Bacchus
1115 2167 1141 2215 te
1152 2167 1177 2216 et
1189 2163 1452 2229 ad-amandum-prona
1464 2163 1551 2228 cypris

917 2255 1001 2318 juret,
1015 2257 1040 2304 et
1051 2252 1137 2304 dulces
1147 2253 1226 2303 literis
1239 2252 1348 2303 Pierides
1362 2274 1368 2300 ι

888 2341 978 2392 λοιπον
992 2341 1091 2405 quidem
1103 2340 1240 2391 doctrinam
1253 2339 1370 2403 decerpo,
1382 2339 1455 2391 istius
1467 2344 1550 2391 autom
1562 2353 1658 2391 amores

920 2429 966 2490 ini,
982 2429 1048 2478 illius
1058 2441 1117 2478 vero
1130 2439 1200 2477 caros
1213 2425 1353 2490 arido-pota
1364 2425 1461 2477 calices.

1146 2587 1183 2634 19.
1199 2584 1419 2633 APOLLONIDAE.

888 2731 993 2782 Dulcem
1007 2744 1123 2794 genarum
1137 2731 1242 2794 primam
1252 2744 1359 2781 messem
1369 2729 1409 2779 die
1422 2730 1497 2781 liocoe

865 2813 868 2826 '
919 2819 1035 2879 tondere,
1053 2822 1079 2869 et
1090 2820 1166 2870 menti
1176 2819 1297 2880 juveniles
1309 2818 1449 2879 cincinnos,

889 2909 945 2967 θοὴ
955 2911 1024 2959 tuam
1032 2911 1116 2960 numm
1121 2911 1191 2972 pater
1196 2907 1417 2970 manibusaroipiet
1421 2907 1529 2970 optatam
1537 2905 1674 2970 lanuginem

919 2998 1025 3059 Lucius,
1041 2997 1176 3048 crescentis
1190 2997 1297 3048 multum
1308 2997 1334 3046 in
1346 2995 1423 3047 solem
1437 2995 1571 3060 (lenimen).

889 3091 988 3139 Donant
1001 3090 1027 3138 tc
1039 3087 1121 3137 aureis
1137 3087 1199 3148 olli,
1213 3098 1258 3150 ego
1268 3099 1328 3136 vero
1340 3085 1459 3135 hilaribus
1471 3083 1545 3148 elegis
1559 3103 1567 3132 ι

920 3191 969 3228 non
982 3177 1048 3228 enim
1060 3189 1118 3226 sarae
1130 3174 1224 3224 divitiis
1237 3177 1308 3224 Musa
1320 3173 1395 3236 pejor.

1194 3328 1233 3372 20.
1250 3323 1365 3372 ADDAEI.

889 3468 1001 3531 siquem
1015 3465 1146 3530 pulchrum
1159 3463 1265 3526 uideris,
1279 3463 1408 3514 confestim
1423 3475 1463 3516 ros
1475 3463 1649 3520 concinneiur3

921 3557 972 3607 lars
983 3569 1040 3619 qum
1054 3553 1143 3616 sentim
1156 3553 1284 3604 testiculos
1298 3554 1403 3604 attrecta
1417 3551 1532 3602 manibus
1543 3553 1610 3603 lotis.

890 3645 987 3695 sivero
1001 3643 1099 3705 dixeris,
1112 3663 1125 3687 ι
1138 3643 1200 3693 Golo
1212 3645 1248 3704 te,
1262 3644 1288 3691 et
1300 3654 1343 3691 ero
1353 3643 1471 3704 tanquam
1485 3641 1589 3706 irater»,

921 3732 1001 3797 pudor
1012 3737 1072 3783 tuus
1085 3731 1186 3782 claudet
1200 3730 1233 3780 ad
1245 3744 1307 3795 opus
1318 3730 1398 3781 uiam.

1165 3877 1204 3924 ul.
1221 3873 1406 3923 Piamouuiu.

891 4018 967 4083 cypri
984 4015 1163 4076 sereni-maris,
1176 4013 1430 4078 sponsorum-amica,
1443 4010 1517 4075 cypri
1526 4009 1651 4071 justorum

923 4106 1003 4166 socia,
1014 4103 1087 4166 Cypri
1101 4108 1218 4151 Amorum
1232 4103 1311 4150 mator
1322 4095 1659 4160 celerum-instar-pnocnun.

1617 4203 1669 4211 ..

58 4303 94 4342 At
106 4309 172 4343 mare
185 4303 297 4359 pacatum
308 4293 413 4360 Zephyri
423 4293 517 4359 sopitur
527 4292 557 4341 ab
567 4291 646 4354 auris,

96 4381 218 4442 Dorsaque
226 4376 326 4441 navigiis
335 4391 430 4443 persam
441 4375 531 4440 prebet
541 4374 596 4435 iter;

60 4461 117 4509 Nec
126 4461 172 4524 jam
183 4459 295 4509 canitiem
306 4467 457 4526 spumantem
469 4457 499 4506 ad
514 4457 596 4506 littora
609 4456 697 4513 solvit,

96 4545 161 4594 Picta
172 4561 215 4594 nec
228 4545 320 4594 iniorto
332 4543 430 4593 turbiue
442 4552 519 4593 rostra
532 4541 597 4592 ierit.

60 4627 165 4688 Navita,
177 4628 280 4679 servanti
293 4630 425 4695 portusque
435 4627 560 4691 salumque
572 4624 659 4691 Priapo
701 4665 707 4682 ,

96 4712 124 4763 Si
136 4712 201 4762 delur
211 4729 298 4763 munais
309 4712 379 4777 saepia
391 4711 458 4776 nigra
473 4719 555 4766 tuum,

62 4795 157 4844 aeden
167 4805 207 4845 aut
221 4796 327 4854 mullus,
339 4809 421 4844 scarus
432 4802 475 4843 aut
488 4793 576 4842 vocalis
588 4792 619 4841 ad
631 4808 699 4851 aras,

98 4878 232 4944 intrepidus
247 4887 343 4928 vastum
355 4893 426 4927 curre
435 4892 479 4942 per
488 4875 593 4926 lonium.

336 5047 375 5094 19.
394 5045 565 5079 arouaorarna.

63 5167 197 5234 Malam,
209 5173 271 5234 Caii,
283 5172 327 5224 llos
336 5175 386 5241 jam
396 5174 440 5226 ribi
451 5174 542 5241 primus
548 5211 557 5239 ,
567 5178 592 5223 et
602 5174 651 5223 oris

925 4284 1037 4337 Caesaries
1049 4283 1118 4331 docta
1132 4279 1193 4329 laice
1206 4277 1280 4326 recisa
1293 4277 1366 4326 cadit.

892 4370 988 4436 Accipit
1000 4368 1050 4434 ipse
1063 4381 1155 4416 comam
1167 4364 1251 4412 dextra
1266 4370 1342 4428 pater,
1357 4369 1429 4426 alque
1441 4368 1552 4426 precatur

925 4453 1023 4514 Lucius,
1035 4451 1061 4499 in
1074 4449 1161 4499 multos
1172 4454 1263 4498 crescat
1271 4453 1299 4496 ut
1308 4446 1350 4494 illa
1359 4445 1419 4494 dies.

892 4541 973 4586 iturea
986 4537 1043 4585 deut
1056 4535 1110 4591 alii,
1125 4548 1169 4583 nos
1180 4532 1274 4582 blandae
1288 4531 1338 4580 sola
1349 4532 1458 4580 Camena
1559 4559 1560 4564 ,

925 4624 1028 4670 Munera
1041 4633 1048 4667 τ
1061 4618 1150 4668 diuitiis
1162 4634 1212 4668 non
1223 4617 1289 4666 valet
1300 4616 1345 4664 illa·
1356 4614 1443 4664 miuus.

1180 4865 1221 4897 21.
1240 4863 1387 4895 ridiculinam.

892 5085 998 5150 conjugii
1010 5099 1107 5150 prasos,
1121 5084 1238 5135 letissima
1248 5091 1326 5132 mater
1336 5083 1468 5141 iuniorum,

924 5173 1047 5220 Jusiorum
1059 5169 1170 5235 precibm
1183 5171 1358 5234 qum-Venus,
1369 5163 1431 5216 alma
1448 5171 1527 5236 ίοιοις
