3878 5912
195 428 234 486 72
755 421 1012 480 ANTHOLOGIAE
1035 420 1238 480 PALA'rrNAE

196 548 251 616 Ἦν
266 557 318 634 ἀρα
333 565 387 614 τοῖν
400 559 497 615 δισσοῖν
510 554 565 619 tat<
581 553 695 635 αἵρεσις,
710 553 726 626 ἢ
741 553 770 612 τδ
782 554 901 632 γενέσθαι

165 659 190 694 1⁰
236 643 374 721 μηδέποτ’,
390 643 448 715 ἣτδ
462 644 547 702 θανεῖν
563 643 657 702 αὐτίκα
668 642 832 720 τικτόμενον,

402 796 468 846 360.
493 786 764 845 ΜΗΤΡΟΔΩΡΟΥ.

196 923 329 995 Παντοίην
346 924 444 1000 βιότοιο
453 926 545 1001 τάμοις
556 924 657 1002 τρίθον·
666 928 703 984 εἶν
716 927 798 1005 ἀγορῇ
816 924 862 1000 μέν

235 1012 316 1071 κάδεα
333 1013 379 1071 καί
393 1015 499 1072 πινυτοί
515 1015 629 1091 πρήξιος·
644 1017 670 1071 έν
683 1015 710 1074 δὲ
725 1014 812 1092 δόμοις

196 1098 329 1175 ἀμπαυμ’·
343 1101 370 1158 ἐν
385 1101 408 1160 δ’
421 1101 508 1179 ἀγροῖς
522 1105 622 1166 Φάσιος
636 1103 721 1181 χάρις·
733 1107 758 1161 ἓν
772 1103 798 1162 δὲ
815 1101 936 1180 θαλάσσῃ

235 1186 334 1265 κέρδος.
349 1187 413 1248 Ἐπὶ
425 1189 518 1262 ξείνης,
535 1192 566 1262 ἢν
584 1189 630 1266 μὲν
645 1191 707 1269 ἔχῃς
722 1213 764 1264 τι,
782 1191 869 1257 κλέος·

156 1304 168 1340 5
195 1273 227 1346 ἢν
243 1274 264 1331 δ’
280 1276 394 1356 ἀπορῇς,
411 1280 487 1352 μόνος
506 1269 585 1344 σίδας.
602 1277 695 1356 'iilam
713 1281 814 1356 γάμοις
830 1288 897 1344 οἰκος
918 1277 976 1356 ἅρῑ·

235 1362 348 1421 ἔσσεται·
362 1367 390 1423 οὖ
403 1365 525 1442 γαμέεις;
541 1371 584 1446 ζῇς
599 1365 634 1424 ἔτ’
647 1367 826 1447 ἐλαφρότερος.
902 1367 977 1446 [στος

195 1447 283 1508 Τέκνα
298 1452 388 1524 πόθος,
404 1453 523 1534 ἄφροντις
538 1454 617 1520 άπαις
633 1455 695 1534 βίος·
710 1458 737 1513 αἱ
751 1455 867 1526 νεότητες

236 1540 386 1617 ῥωμαλέοι,
402 1543 494 1600 πολιαὶ
505 1545 527 1600 δ’
543 1544 657 1620 ἔμπαλιν
672 1544 798 1611 εὐειδέες.

195 1629 254 1689 oar
274 1627 325 1708 ripa
340 1633 390 1687 τῶν
405 1629 502 1689 δισσῶν
517 1632 572 1698 ἑνδς
586 1629 727 1712 αἳρεσις,ἢ
742 1631 771 1690 τὸ
782 1635 903 1708 γενέσθαι

140 1731 169 1778 ‘10
236 1717 375 1793 μηδέποτ’,
392 1718 450 1788 iao
462 1725 559 1778 θανεῖν·
575 1721 664 1780 πάντα
679 1720 729 1797 γδιρ
747 1720 826 1778 ἐσθλὰ
842 1721 901 1801 βίῳ.

328 1867 395 1916 ³61.
417 1858 597 1917 ΛΙΞΟΝΤΟΣ
614 1858 853 1918 (Ι)ΙΛΟΣΟΦΟΥ.

196 1997 293 2075 Μῆτερ
307 1996 358 2072 ἐμὴ
374 1995 519 2074 δύσμητερ,
533 1992 635 2062 ἀπηνέα
650 1993 730 2070 θυμὸν
742 1995 856 2074 ἔχουσα,

195 2085 254 2155 λίην
270 2083 386 2164 ἄχθομαι
401 2082 489 2154 ἕλκος,
510 2079 525 2140 θ’
538 2105 570 2157 με
586 2083 677 2158 βροτὸς
688 2079 798 2140 οὔτασεν
812 2082 878 2161 ἀνὴρ

195 2172 275 2230 νύκτα
290 2173 322 2231 δι’
337 2172 474 2254 ὀρφναίην,
490 2171 533 2231 ὅτε
546 2164 574 2228 θ”
585 2169 688 2228 εόδουσι
702 2171 791 2249 βροτοὶ
806 2171 895 2242 ἄλλοι,

195 2263 290 2338 γυμνὸς
307 2260 370 2341 ἄτερ
383 2259 488 2339 κόρυθός
500 2281 529 2316 τε
541 2258 586 2317 καί
602 2258 727 2326 ἀσπίδος,
745 2260 800 2316 οὐδ’
814 2258 873 2338 ἔχεν
888 2257 975 2339 ἔγχος.

196 2351 255 2407 Πᾶν
266 2350 287 2406 δ’
301 2348 481 2426 ὑπεθερμάνθη
495 2345 564 2424 ξίφος
573 2344 677 2420 αἵματι·
689 2346 771 2427 αὐτὰρ
786 2347 877 2406 ἔπειτα

195 2437 269 2516 οὖρόν
284 2459 312 2494 τε
326 2435 455 2516 προέηκεν
470 2433 597 2510 ἀπήμονά
615 2457 643 2491 τε
653 2435 745 2512 λιαρόν
760 2458 799 2494 τε.

440 2579 501 2629 362.
525 2579 724 2625 ΑΔΕΣΠΟΤΟΝ.

195 2705 322 2782 Ἱμερόεις
336 2703 452 2782 Ἀλφειέ,
468 2703 529 2770 Διὸς
541 2702 736 2782 στεφανηφόρον
754 2702 837 2782 ὕδωρ,

193 2791 221 2860 ὃς
233 2793 276 2852 διδι
292 2792 411 2852 Πισαίων
426 2792 524 2849 πεδίων
538 2791 701 2868 κεκονιμένος
718 2791 817 2870 ἕρπεις,

194 2883 303 2962 ἡσύχιος
313 2881 342 2941 τὸ
356 2885 474 2960 πρῶτον,
492 2878 558 2951 ἐπὴν
567 2881 596 2938 δ’
612 2881 638 2947 ἐς
654 2882 746 2939 πόντον
759 2879 848 2955 ἵκηαι,

194 2971 249 3040 tite
265 2970 421 3048 ἀμετρήτοιο
433 2967 520 3027 πεσὼν
533 2969 582 3026 ὑπὸ
594 2973 665 3044 κῦμα
679 2970 829 3044 θαλάσσης,

152 3081 167 3119 a
195 3059 305 3139 νυμφίος
322 3054 507 3123 αὐτοκέλευθος
521 3058 570 3113 ἑῶν
581 3057 706 3136 ὀχετηγὸς
719 3057 837 3135 ἐρώτων,

195 3151 220 3214 ἐς
233 3144 345 3219 Σικελὴν
362 3144 515 3224 Ἀρέθουσαν
529 3143 645 3220 ἐπείγεαι
660 3147 738 3224 θγρδς
751 3145 867 3218 ἀκοίτης.

195 3235 228 3296 Ἡ
244 3235 273 3293 δέ
286 3257 315 3292 σε
328 3239 472 3308 κεκμηῶτα
486 3232 532 3290 καί
547 3233 726 3308 ἀσθμαίνοντα
740 3234 876 3307 λαθοῦσα,

194 3331 273 3404 φῦκος
285 3323 462 3397 ἀποσμήξασα
476 3321 521 3379 καί
533 3322 613 3380 ἄνθεα
628 3322 712 3403 πικρδι
726 3323 869 3394 θαλάσσης,

193 3413 284 3492 χείλεα
301 3410 348 3486 μὲν
362 3411 523 3487 στομάτεσσι
540 3410 713 3489 συνήρμοσεν·
727 3403 770 3470 οἷα
783 3412 809 3469 δὲ
825 3412 914 3490 νύμφη

143 3528 167 3565 10
193 3499 302 3579 νυμφίον
318 3501 496 3578 ἀμφιχυθεῖσοι
507 3499 664 3577 περίπλοκον
677 3499 736 3572 ἡδέϊ
748 3501 836 3579 δεσμῷ

193 3587 311 3664 κείμενον
328 3591 353 3644 ἐν
366 3587 501 3645 κόλποισιν
515 3586 663 3663 Ὀλύμπιον
678 3587 784 3646 εὔνασεν
797 3588 879 3666 ὕδωρ.
891 3589 915 3610 “

196 3677 250 3735 Καί
266 3674 339 3755 φονίη
353 3676 497 3756 ραθοίμιγγι
510 3675 586 3743 λιθὰς
600 3675 774 3755 κατεκίρνατο
785 3677 869 3754 πηγή.

194 3764 263 3824 Οὐδὲ
279 3764 444 3843 Συρακοσίης
459 3766 498 3822 ίτι
513 3787 552 3822 σοι
568 3763 647 3834 μέλεν
661 3763 752 3844 ἵμερος
766 3767 851 3834 εὐνῆς·

193 3854 327 3932 πορφυρέῃ
340 3854 364 3910 δ’
376 3854 515 3919 ἀνέκοπτες
529 3853 596 3931 θδωρ
608 3853 781 3928 πεπιεσμένον
795 3854 875 3926 αἰδοῖ,

193 4023 234 4072 Nil
244 4023 316 4087 igitur
324 4023 398 4072 satius
409 4039 480 4088 quarm
491 4037 612 4088 uunquam
622 4039 722 4071 cernere
731 4023 821 4083 iucem,

228 4108 285 4167 Vei,
296 4107 366 4156 modo
379 4117 505 4173 conspecta
515 4107 580 4166 lucc,
592 4099 692 4172 repente
702 4108 772 4157 mori.

472 4249 530 4296 360.
548 4263 701 4298 εειτιιουυκι.

486 4368 513 4411 In
529 4363 685 4414 contrariom.

192 4493 307 4556 Quamuis
320 4510 387 4544 sume
398 4495 441 4544 tibi
455 4495 527 4544 vitam
541 4510 547 4544 :
560 4493 611 4544 sora
622 4493 709 4559 fulgida
724 4494 799 4544 doctis

225 4576 345 4626 Actibus:
359 4585 384 4626 at
395 4575 491 4642 requies
504 4585 539 4624 cst
553 4591 596 4624 sua
607 4576 694 4641 cuique
709 4576 802 4626 domus.

191 4663 268 4708 Lucra
280 4657 341 4707 mari
352 4658 444 4723 capies,
457 4667 548 4706 uatium
560 4673 658 4706 munera
671 4657 721 4706 ruri
735 4673 741 4709 ι

226 4741 275 4804 Qui
287 4741 381 4808 peregri
392 4741 490 4803 simut,
500 4739 572 4790 biset
584 4739 675 4790 habere
688 4741 776 4804 doctu,

193 4827 223 4872 Et
236 4840 280 4872 uec
294 4823 384 4873 habere
398 4824 466 4873 iubet
476 4840 483 4874 ι
495 4833 546 4872 tum
560 4824 631 4874 ducta
643 4824 743 4890 conjuge
756 4841 793 4874 res
811 4832 845 4871 est

226 4909 255 4955 Et
268 4921 356 4970 Βατίνιος
368 4907 393 4955 in
408 4905 456 4955 rita
469 4907 554 4955 cmiibc
566 4906 628 4957 iiber·
640 4906 695 4956 eris.

192 4988 303 5038 l‘atribus
315 4998 364 5048 est,
376 4989 440 5053 quod
450 4996 531 5037 amcut
542 5005 548 5038 ε
558 4988 621 5038 curis
630 4998 695 5038 caret
704 4990 791 5051 orbum
802 4999 826 5041 et
835 5001 891 5041 aetas

225 5075 284 5121 Tam
295 5073 372 5120 satida
382 5071 538 5137 μίγεν-σπανία
549 5087 620 5136 quam
631 5073 766 5121 veneranda
776 5089 868 5126 senum.

192 5157 249 5206 Nou
260 5164 295 5204 est
309 5171 353 5203 cur
364 5154 437 5218 igitur
449 5165 531 5204 natum
542 5171 590 5204 nou
600 5171 650 5204 esse
663 5156 767 5210 morire,

225 5240 328 5303 itsoptes
341 5253 347 5287 ε
360 5237 431 5303 piena
442 5246 477 5286 σοι
488 5237 592 5303 rudique
605 5236 651 5286 sita
665 5236 740 5287 ironis.

1021 563 1081 610 Erat
1094 559 1168 624 igitur
1177 559 1266 610 harum
1280 560 1481 611 rorum-doarium
1497 561 1570 612 unius
1579 563 1661 627 optro.
1675 567 1720 614 aut
1730 567 1796 616 nasci

1053 662 1188 712 nummum,
1205 652 1250 699 aut
1265 649 1328 698 mori
1342 649 1408 700 illico
1418 649 1522 701 oditum.

1279 802 1335 848 360.
1353 799 1549 847 MuTuouour.

1023 941 1183 1006 omnigenam
1193 941 1253 992 vitae
1266 954 1337 992 seces
1349 943 1416 993 riam
1429 963 1435 992 :
1454 943 1480 992 iu
1495 944 1548 993 soro
1560 943 1661 1008 quidam

1053 1029 1142 1081 decora
1155 1033 1180 1081 et
1195 1031 1327 1095 prudentia
1339 1032 1449 1095 negotia;
1462 1031 1530 1082 domi
1543 1045 1604 1082 vcro

1023 1118 1134 1182 requies,
1150 1122 1176 1169 ct
1186 1119 1211 1169 in
1225 1118 1290 1184 agris
1301 1121 1401 1170 Naturae
1415 1120 1507 1183 gratim
1523 1118 1621 1170 inmari
1634 1121 1720 1168 autem

1055 1209 1161 1258 tucrum.
1175 1211 1203 1258 Iu
1217 1208 1430 1274 peregriua-terra,
1445 1208 1536 1271 siquid
1548 1207 1642 1268 habes,
1655 1207 1723 1266 laus;

1024 1296 1044 1346 si
1058 1309 1189 1361 romegos,
1199 1297 1345 1347 solusnosti.
1357 1295 1440 1346 Habes
1454 1301 1573 1347 uxorem?
1584 1295 1674 1346 domus
1688 1295 1778 1358 optima

1055 1385 1118 1444 crit;
1132 1399 1181 1435 non
1193 1385 1264 1436 ducis
1274 1389 1284 1436 ?
1295 1385 1360 1436 rivis
1369 1385 1452 1436 adhuc
1465 1386 1551 1436 levior.

1025 1474 1107 1525 Liberi
1116 1477 1178 1526 suot
1187 1488 1257 1525 amor
1272 1495 1278 1524 ι
1294 1473 1418 1525 incuriosa
1427 1473 1534 1524 cstorba
1547 1473 1607 1525 vita.
1619 1476 1769 1524 Juveututcs

1054 1565 1116 1612 sacret
1128 1561 1253 1623 robustoe3
1266 1561 1320 1612 caui
1331 1575 1390 1612 roro
1405 1575 1490 1612 rursus
1503 1562 1545 1626 pii.

1025 1655 1077 1701 Non
1090 1652 1165 1716 igitur
1181 1651 1379 1702 duarum-rerum
1394 1652 1468 1702 unius
1481 1653 1564 1716 optio,
1578 1655 1623 1702 aut
1636 1652 1705 1702 nasci

1055 1752 1193 1804 nunquam,
1207 1745 1252 1792 aut
1266 1741 1330 1790 mori
1344 1755 1350 1784 ι
1365 1745 1454 1791 cuncta
1467 1741 1533 1791 enirn
1545 1741 1610 1790 bona
1621 1743 1682 1791 suut
1698 1741 1766 1790 vitae.

1220 1887 1275 1936 361.
1292 1885 1402 1934 Luouls
1419 1887 1617 1936 PHILOSOPHI.

1025 2023 1137 2071 Omater
1149 2033 1204 2071 mea
1216 2024 1398 2083 nou-matema,
1410 2036 1506 2073 saevum
1522 2023 1631 2073 animum
1643 2021 1747 2085 habeus,

1024 2110 1096 2161 valdo
1110 2089 1281 2175 graviter-iero
1290 2112 1379 2172 ulcus,
1392 2125 1442 2175 quo
1450 2125 1489 2162 me
1503 2113 1614 2163 mortalis
1625 2112 1814 2164 vulneraeitvir

1023 2201 1122 2248 noctem
1136 2212 1180 2263 per
1193 2199 1339 2261 obscuram,
1353 2201 1380 2248 et
1391 2213 1468 2262 quum
1482 2199 1608 2250 dormiunt
1616 2200 1735 2250 mortales
1743 2201 1794 2262 aiii,

1024 2287 1107 2338 nudus
1119 2287 1170 2338 siue
1182 2288 1298 2352 galeaque
1312 2287 1446 2351 otciypeo,
1463 2301 1507 2338 noc
1520 2289 1627 2338 iubebat
1639 2289 1745 2340 hastato.

1024 2374 1101 2422 Totus
1112 2387 1172 2424 raro
1186 2373 1313 2424 calefiebat
1329 2373 1425 2438 gladius
1441 2376 1569 2438 sanguium
1583 2375 1626 2424 scd
1644 2379 1731 2438 postca

1024 2462 1143 2524 liquorem
1155 2460 1247 2512 dimisit
1262 2461 1443 2525 innocuumque
1459 2461 1633 2525 biamlumque.

1296 2590 1351 2636 ³⁵2·
1374 2605 1535 2647 suourur.

1024 2722 1141 2772 amabitis
1152 2721 1259 2786 Alphee,
1270 2724 1339 2774 iovis
1352 2724 1676 2789 coronarum-sutilisaqua,

1023 2810 1067 2872 qui
1079 2823 1123 2873 per
1141 2811 1231 2860 Pisaeos
1247 2824 1347 2874 campos
1356 2812 1613 2875 conspersus-pulvere
1625 2813 1713 2876 serpis,

1023 2897 1170 2960 tranquillus
1179 2899 1293 2962 primum,
1304 2902 1436 2962 postquam
1444 2911 1503 2948 vero
1511 2898 1543 2948 ad
1551 2903 1653 2963 pontum
1663 2901 1813 2964 pervertisti,

1025 2983 1126 3049 rapidus
1139 2985 1253 3036 immensi
1267 2986 1352 3049 lapsus
1362 2986 1408 3036 sub
1427 2986 1529 3037 [luctum
1542 2988 1625 3047 maris.

1023 3086 1128 3136 sponsus
1138 3077 1224 3138 sponte
1233 3073 1359 3137 protectus
1368 3087 1473 3124 suorum
1484 3075 1537 3138 ipsc
1547 3064 1631 3124 voctor
1639 3089 1763 3136 amorum,

1023 3161 1056 3212 ad
1066 3163 1172 3212 Siculam
1183 3161 1333 3212 Arethusam
1346 3176 1462 3226 properas
1478 3162 1597 3213 humidus
1606 3165 1703 3227 conjux.

1022 3251 1083 3300 Haec
1096 3263 1155 3301 vcro
1166 3253 1191 3300 te
1204 3248 1330 3301 defessum
1343 3253 1369 3300 et
1382 3249 1538 3300 anhelantem
1551 3249 1682 3314 excipiens,

1022 3337 1107 3388 ruram
1118 3337 1160 3387 ubi
1169 3337 1285 3388 abstersit
1298 3339 1324 3388 ot
1339 3337 1424 3388 {iorem
1439 3351 1553 3388 amarum
1563 3337 1647 3400 maris,

1024 3423 1095 3476 labra
1108 3425 1211 3489 qaudam
1225 3425 1310 3476 oribus
1325 3424 1465 3490 adaptarit3
1478 3429 1504 3477 et
1517 3428 1635 3488 tauquam
1648 3427 1757 3491 nympha

1022 3525 1111 3576 spouso
1125 3513 1276 3563 circumfusa
1289 3513 1536 3577 quem-amploctitur
1548 3512 1615 3562 dulci
1623 3513 1732 3568 vincuo.

1021 3599 1179 3662 jacentemia
1191 3599 1246 3650 sinu
1261 3599 1374 3664 Olympia
1389 3599 1479 3664 sopivit
1488 3613 1564 3662 aqua.
1579 3601 1605 3632 ⁴*

1021 3689 1052 3736 Et
1066 3689 1169 3737 cruenta
1182 3687 1279 3751 guttula
1292 3685 1410 3750 limpidus
1421 3685 1517 3737 mixtus
1530 3689 1568 3736 est
1578 3686 1642 3736 sous.

1020 3779 1102 3840 Neque
1111 3777 1255 3841 Syracusani
1264 3778 1314 3841 iam
1323 3777 1369 3827 tibi
1380 3777 1509 3828 curm-tuit
1516 3775 1665 3827 desidorium
1675 3778 1747 3836 iecti;

1019 3877 1145 3928 purpureo
1157 3868 1240 3915 autam
1249 3865 1377 3915 inhibuisti
1386 3878 1474 3928 aquam
1489 3877 1632 3928 oppressam
1641 3866 1743 3928 pudore,

1317 4028 1374 4074 362.
1395 4042 1503 4074 recusa-r.

1271 4096 1301 4139 Iu
1314 4090 1430 4158 diptiacum
1439 4090 1550 4158 florarium.

1022 4174 1082 4222 Care
1090 4173 1145 4223 Jovi
1157 4189 1234 4223 meras
1246 4172 1288 4239 qui
1298 4172 1361 4235 fers,
1375 4171 1483 4238 Alpheo,
1494 4187 1606 4235 coronas,

1022 4257 1135 4320 Ruraque
1147 4270 1190 4320 per
1202 4255 1261 4305 Pisae
1275 4255 1351 4304 muito
1365 4270 1421 4304 oum
1435 4254 1533 4320 putrere
1542 4254 1618 4303 curris
1633 4270 1639 4303 :

1024 4341 1089 4387 Leuc
1100 4337 1177 4388 fluens
1190 4339 1283 4405 primo,
1294 4340 1350 4396 sed,
1368 4355 1422 4388 cum
1439 4352 1514 4403 prope
1529 4337 1612 4387 littora
1626 4347 1723 4388 reatum
1737 4348 1788 4400 cst,

1020 4422 1075 4468 Jam
1089 4421 1154 4470 celer
1166 4421 1277 4470 immensi
1291 4420 1392 4470 misceres
1408 4429 1432 4470 tc
1444 4419 1542 4485 girruit'u
1556 4420 1637 4482 undu,

1022 4506 1074 4568 ipse
1086 4503 1121 4554 tui
1134 4514 1216 4554 rector
1228 4505 1286 4553 vada
1299 4521 1343 4571 per
1355 4505 1483 4569 longinqua
1498 4505 1597 4555 maritus

1020 4589 1048 4634 In
1060 4585 1165 4635 Siculam
1176 4585 1282 4636 madidos
1293 4585 1438 4636 Arethusam
1451 4585 1526 4636 mittis
1536 4603 1644 4638 amores:

1020 4666 1134 4716 Cursibus
1144 4685 1173 4717 ex
1185 4668 1257 4716 tantis
1272 4667 1432 4735 pulcherrima
1444 4669 1501 4718 Nais
1513 4667 1626 4718 anhelum

1019 4749 1128 4815 Excipit,
1140 4759 1165 4798 et
1176 4750 1251 4815 pelagi
1263 4765 1334 4813 graue
1349 4751 1441 4799 cientes
1454 4750 1532 4800 airiuit
1543 4751 1618 4814 algas,

1019 4834 1141 4896 Grataquc
1154 4830 1246 4880 defesso
1258 4831 1304 4881 [σοι
1318 4833 1414 4893 oscula,
1428 4833 1541 4896 lentaque
1550 4833 1651 4896 jungens

1021 4914 1134 4974 Braciria,
1143 4915 1281 4980 complexus
1291 4915 1366 4965 sociat
1382 4932 1437 4965 cum
1455 4917 1555 4981 conjuge
1567 4917 1662 4982 conjux,

1019 4995 1127 5043 Molliter
1139 5002 1165 5044 ut
1176 4994 1266 5059 gremio
1281 4995 1414 5061 requiescat
1425 4996 1551 5063 Olympius
1561 4995 1647 5046 amnis.

1019 5076 1064 5124 iiei
1079 5075 1138 5126 mihi
1151 5076 1243 5126 erudeli
1253 5077 1318 5142 quod
1330 5093 1394 5126 nunc
1404 5077 1438 5127 ita
1448 5077 1562 5142 sanguiue
1575 5093 1673 5140 manas,

1021 5158 1089 5205 Unde
1103 5158 1220 5222 Syracosii
1231 5175 1280 5208 nou
1288 5159 1337 5224 jam
1350 5159 1394 5208 tibi
1406 5175 1462 5208 cura
1475 5159 1577 5220 cubilis,

1018 5238 1063 5288 Sed
1077 5239 1133 5288 sada
1146 5256 1266 5307 purpureo
1278 5241 1388 5307 perfusus
1400 5251 1479 5292 aurata
1495 5241 1585 5308 partiare
