3780 5920
529 493 534 503 Ι
593 421 628 480 ΙΝ
653 421 777 482 CAPUT
796 423 849 483 XV
873 419 1099 483 nnuntn'nn.
1583 417 1637 475 ὅθί

61 569 130 628 ipsun
147 559 190 607 hec
203 564 278 618 genus
290 550 415 614 loquendi,
435 564 485 614 quo
497 551 608 601 homines
623 552 673 602 otio
691 557 716 603 et
736 557 818 603 ruente
841 565 844 584 ι
864 554 999 618 ἀγροίκους,
1017 554 1097 610 ἐπειδὴ
1110 552 1184 614 πήρας
1195 532 1298 612 φοροῦσι·
1315 547 1378 609 πήριι
1390 545 1414 595 δὲ
1424 546 1463 593 ιιιιὶ
1475 545 1548 605 wellin
1567 549 1642 594 συνύ-

59 632 171 684 νουιειιιοπ
179 626 259 688 operta
269 624 295 671 et
308 622 420 684 vulgaria
436 621 572 672 reddebm
584 623 697 672 abstrusa
710 625 737 674 et
752 627 818 674 lene-
862 642 930 688 νυμιι.
939 630 1013 673 -ια
1023 620 1187 686 Πᾶμα[θοά.
1197 633 1211 669 ο
1222 633 1259 683 pr.
1271 617 1347 681 πημα]
1359 619 1383 667 δέ
1391 623 1478 676 κτῆμα-
1488 616 1594 678 Ὅμηρος
1602 616 1643 678 (ll.

59 707 127 760 oron,
139 695 228 748 noterit
238 694 328 742 sertus
338 691 476 755 Empiricos
484 691 546 742 Δάν.
557 693 730 757 grammaticos
745 696 765 754 l,
782 699 817 749 lu.
863 702 890 756 Δ,
901 695 973 755 leel
987 694 1192 755 «πολυοάμμονος
1207 689 1273 752 (sie)
1285 689 1366 752 ἀνδρὸς
1380 689 1404 735 ἐν
1413 688 1472 749 αὐλῇ
1485 708 1506 734 ν-
1522 686 1645 742 etimne:

58 761 820 838 §ulhlocnateeproluioetdiligenterexpendendo.-Glus·
863 767 887 816 δὲ
902 767 975 826 Πάριν
995 767 1076 814 ἐαυτὸν
1098 765 1177 822 εἶπεν,
1198 762 1277 819 ἐπειδὴ
1294 761 1308 809 ὁ
1328 759 1400 820 Πάρις
1423 759 1463 814 τάς
1488 758 1540 813 θεάς
1562 760 1646 818 κρίνων

59 845 116 892 utor
127 840 167 887 :ll
178 833 301 891 Θεοκρίτου
313 833 395 894 Σύριγξ
404 835 445 890 την
458 834 584 896 ἐπιγραφὴν
595 835 689 884 ἀπὸτοῦ
699 837 819 897 σχήματος
863 836 910 885 ύπό
927 852 997 883 τινων
1009 835 1133 897 θεόκριτος
1150 832 1285 892 ὠνομάσθη.
1306 827 1382 891 [cod.
1398 827 1534 890 σιμκχίδιις,
1557 840 1614 876 eum
1632 846 1647 885 η

59 905 820 973 ίγει.Συνέστηκεδέἀπὸάακτυλικούμέτρου,καὶείσίνοίμένδύο
864 918 937 967 supet·
954 905 1033 966 priore
1046 903 1084 967 α]
1100 929 1131 940 -
1154 905 1189 952 13.
1211 904 1247 963 Τῇ
1266 901 1367 963 σύριγγι,
1391 898 1411 946 ὦ
1431 900 1491 958 Πὰν,
1509 899 1551 956 inl
1568 900 1647 961 ψυχὴν

59 963 134 1043 πρῶτον
143 977 215 1039 στίχοι
223 975 348 1036 ἐξάμστρυι,
359 978 380 1023 οἱ
391 975 416 1023 δέ
425 975 475 1031 une
487 974 528 1023 δύο
538 975 698 1038 πεντάμετροι·
712 977 763 1024 εἶτα
773 977 820 1024 ἀπὸ
865 976 963 1040 χαίροις.
978 973 1055 1038 [cod.
1078 975 1158 1037 ψυχάν
1182 974 1218 1020 ἀεὶ
1246 973 1310 1034 βροτ.
1337 967 1446 1018 Jncobeii
1473 969 1646 1018 correctionem

58 1050 198 1101 πέντιποδῶν
208 1047 286 1107 μέχρις
302 1044 360 1100 ἐνός.
379 1046 443 1094 Ἐπεί
456 1044 496 1092 οὐν
510 1045 561 1093 καθ’
570 1045 669 1094 ἕκαστον
684 1047 823 1108 ἀφαιρουμέ-
844 1037 845 1089 l
865 1044 957 1108 reeepit
979 1042 1073 1106 linies]
1102 1041 1328 1105 Βροτοάιίμυνα
1354 1039 1378 1086 δέ
1401 1039 1477 1114 είρηκε
1500 1041 1540 1089 τὸν
1570 1042 1646 1100 Πᾶνα,

59 1115 535 1178 νονποὸόςσυμόέόηκετὸνδεότερον[εἶναι
548 1114 820 1182 οόά.Βοίεε.]μικρὸτε·
844 1127 845 1179 γ
866 1119 898 1172 ὡς
911 1116 1069 1178 πετροθάτην,
1090 1113 1137 1162 ἀπὸ
1156 1118 1202 1160 τῶν
1220 1113 1282 1158 λαιὸν
1302 1110 1397 1157 καὶτοῦ
1412 1125 1473 1156 κατα
1496 1108 1648 1158 Δευκαλίωνα

59 1211 91 1254 ρον
101 1195 139 1239 τοῦ
154 1189 244 1249 πρώτου
263 1187 303 1232 καί
322 1186 399 1245 λήγειν
412 1183 463 1234 κατ’
471 1186 549 1243 ὀλίγον
561 1187 592 1240 εἰς
606 1188 694 1249 βραχὺ,
714 1191 783 1236 τοῦτο
797 1185 826 1242 δὴ
844 1212 846 1233 ι
868 1187 957 1249 μύθου,
971 1187 1021 1242 ὅτι,
1033 1184 1092 1246 μετὰ
1101 1185 1143 1233 τὸν
1161 1180 1326 1242 κατακλυσμὸν
1338 1180 1496 1236 σπανιζόντων
1508 1181 1646 1242 ἀνθρώπων,

58 1263 154 1315 κέκληται
173 1257 259 1318 σύριγξ,
276 1256 305 1305 σύ
323 1255 393 1316 μόνον
406 1257 443 1304 διά
458 1261 539 1316 τοῦτο,
557 1255 606 1304 ἀλλ’
619 1257 653 1304 ὅτι
668 1273 706 1303 και
718 1257 769 1319 περὶ
779 1257 822 1306 σύ·
845 1264 847 1291 ι
868 1258 946 1313 λίθους
955 1255 1080 1320 λαμδάνων
1095 1257 1108 1304 δ
1123 1251 1258 1302 Δευκαλίων
1276 1250 1411 1311 ἀνθρώπως
1425 1250 1512 1298 ἐποίει·
1531 1252 1583 1299 όθεν
1603 1253 1646 1299 αύ-

59 1348 124 1396 μγγος
132 1329 256 1387 διαλέγεται
264 1327 303 1374 καὶ
318 1332 360 1375 τοῦ
375 1329 469 1389 πρώτου
481 1327 585 1389 εύρόντος
601 1327 682 1382 αὐτην.
697 1330 766 1387 Λέγει
779 1327 821 1376 οὐν
845 1320 847 1344 '
868 1329 921 1383 τούς
944 1327 984 1376 καί
1012 1327 1080 1381 λαούς
1106 1325 1233 1380 κεκλῆσθαι
1257 1322 1386 1385 (κεκλεῖσθ.
1414 1321 1492 1380 eol.)
1514 1324 1590 1380 λόγος.
1617 1348 1647 1358 -

59 1402 138 1464 eenole
150 1399 265 1460 γεγονέναι
287 1399 368 1458 Πᾶνα,
384 1399 486 1460 καὶπερὶ
504 1398 575 1446 αὐτοῦ
596 1401 687 1458 πρῶτον
704 1399 764 1460 λέγει
778 1401 821 1456 τήν
872 1402 907 1448 ll.
921 1399 1037 1454 Στήτοις
1052 1395 1152 1457 οίστρε
1169 1394 1315 1447 σαέττας·
1332 1390 1452 1440 τοιιτόσιιιι
1470 1392 1484 1438 ὁ
1501 1392 1594 1456 οἶστρον
1606 1392 1648 1453 ἐμ·

59 1474 105 1528 ὃλην
121 1471 237 1530 ύρήγησιιι-
255 1492 289 1504 -
300 1467 330 1515 Ἥ
344 1465 471 1528 μετάληψις
482 1471 523 1525 τῆς
540 1467 650 1530 Σύριγγας
669 1465 743 1520 οὕτως
761 1465 820 1527 ἔχει·
871 1469 948 1516 eatur
964 1472 993 1530 τῇ
1010 1467 1074 1527 Λυὸη
1089 1463 1189 1525 γυναικί·
1211 1463 1267 1525 φαολ
1281 1465 1325 1524 γάρ
1338 1461 1374 1509 ότι
1393 1463 1409 1520 η
1427 1460 1535 1524 Ὀμφάλη
1554 1465 1569 1520 ἡ
1583 1464 1648 1519 Λυδὴ

60 1545 88 1592 Τὸ
101 1538 276 1603 ἐπιγραμμάτιον
288 1542 319 1594 εἰς
334 1541 409 1587 Πᾶνα.
428 1538 587 1597 Ἐπιγράφεται
599 1538 623 1586 δέ
639 1538 719 1599 Σύριγξ
737 1535 776 1584 διά
795 1552 821 1583 τε
869 1539 962 1601 οἶστρον
977 1539 1039 1601 εἶχεν
1052 1538 1089 1586 ἐπὶ
1102 1535 1154 1593 (sie
1168 1533 1255 1594 nono,
1271 1531 1333 1582 eod.
1346 1530 1415 1594 περὶ)
1431 1533 1471 1580 τὸν
1489 1535 1556 1580 Πᾶνα
1567 1534 1648 1582 πολύν·

60 1612 81 1658 τὸ
90 1617 164 1673 σχῆμα
176 1613 214 1666 τῆς
223 1614 312 1672 γραφῆς
330 1607 369 1654 καλ
386 1607 420 1654 ὅτι
432 1607 446 1654 ό
459 1605 583 1668 θεόκριτος
597 1606 697 1668 σύριγγα
711 1606 824 1660 ἀνατιθείς
869 1609 904 1657 δτι
924 1610 948 1657 δὲ
963 1611 1034 1664 orie
1043 1610 1082 1666 ηή
1096 1608 1169 1668 γυνη,
1182 1605 1297 1660 σαέττη
1312 1604 1362 1660 δἐἡ
1379 1603 1444 1658 Λυδή
1457 1600 1507 1664 [sic
1519 1602 1609 1663 Bone,
1622 1609 1649 1662 τῇ

59 1679 125 1739 leod.
139 1678 277 1741 ἀνατίθησι)
298 1684 332 1740 τῷ
354 1678 414 1726 Πανὶ
436 1677 522 1734 ταύτην
538 1677 645 1739 ἔγραψεν.
662 1677 692 1725 ’Π
706 1677 730 1724 δέ
750 1676 825 1724 ἔννοιά
869 1682 925 1740 λυθῇ
942 1676 1022 1742 cod]
1041 1703 1072 1712 —
1095 1680 1131 1725 15.
1149 1672 1369 1734 Κλωποπάτωρ
1387 1671 1473 1736 [κλοπ.
1492 1672 1649 1723 connect

59 1753 149 1800 ἐστιτῶν
158 1751 197 1799 δύο
206 1752 304 1811 πρώτων
320 1749 408 1810 στίχων
417 1748 476 1804 αὐτη
490 1747 529 1809 (1,
545 1749 606 1804 2λὴ
623 1747 744 1804 Πηνελόπη
760 1747 819 1806 ἑγὲν·
869 1751 893 1799 in
905 1747 1002 1812 textul·
1014 1746 1265 1808 τουτέσπικλεψίγαμε,
1278 1743 1435 1792 κλεπτοτόκοο
1449 1745 1534 1806 πατρὸς
1541 1750 1583 1793 τοῦ
1594 1745 1647 1807 Ἑρ·

58 1836 106 1876 unet
117 1821 229 1869 Πᾰισιὸη
248 1821 353 1868 αἰπόλοι·
373 1819 423 1866 ιἰιιι
441 1818 464 1866 δά
479 1819 521 1875 int
542 1816 679 1874 Πηιιλόσην
697 1819 823 1872 οὐδενὸς
870 1826 923 1884 μού.
939 1822 968 1870 Ἡ
986 1819 1111 1878 Πηνελόπη
1125 1818 1245 1867 τὸνΠάνα
1263 1817 1372 1874 ἐγέννησε
1387 1816 1449 1864 κατά
1466 1817 1507 1878 μέν
1519 1833 1582 1872 τινας
1602 1817 1648 1865 ἀπὸ

59 1891 230 1951 εὐνάτειραν,
242 1891 358 1951 έπεὶγυνή
368 1888 396 1947 ἦν
408 1888 552 1942 Ὀδυσσέως.
562 1889 587 1942 ὃς
598 1887 668 1936 outo
678 1888 759 1936 ἑαυτὸν
769 1888 824 1935 ἀνά·
847 1903 849 1910 ’
869 1896 970 1956 Ἑρμοῦ,
986 1892 1047 1940 χατὰ
1064 1891 1088 1939 δέ
1109 1889 1191 1944 ἄλλους
1209 1889 1236 1936 ἐκ
1251 1893 1298 1936 τῶν
1318 1887 1464 1950 μνηστήρων.
1480 1915 1510 1928 -
1525 1892 1562 1937 le.
1578 1890 1611 1937 Τὸ
1625 1889 1648 1938 δέ

58 1965 109 2009 leue·
124 1959 518 2021 Μακροπτολέμουὸὲμητέρα
530 1962 571 2006 τοῦ
583 1957 731 2018 Τηλεμάχου·
746 1958 826 2019 τὸγὰρ
869 1964 1081 2028 λαρνακόγυιε
1100 1960 1227 2022 χαίροις
1244 1956 1282 2020 [in
1299 1959 1371 2007 textu
1386 1969 1402 2005 a
1416 1969 1452 2020 pr.
1473 1955 1574 2020 χαίριις]
1595 1960 1649 2020 πρὸς

58 2035 103 2090 τῆλε
114 2033 138 2080 τὸ
156 2031 244 2093 μακράν
260 2033 322 2090 ἐστι,
337 2031 437 2090 πόλεμος
450 2031 475 2078 δὲ
488 2033 502 2087 ἡ
517 2029 590 2091 μάχη.
607 2055 636 2063 -
650 2033 672 2076 θ.
691 2030 786 2075 Μιιῖιιιι
797 2028 821 2074 δὲ
869 2035 895 2082 τὸ
909 2033 1010 2094 ψυχάν
1023 2027 1219 2094 (άψυχονῦοά.)
1234 2027 1368 2076 ἀποδοτέον.
1383 2027 1560 2088 Δαρνακόγυιον
1577 2027 1601 2075 sl
1612 2031 1652 2076 τὸν

58 2104 224 2166 ἀντιπέτρου
242 2103 299 2162 φησί
311 2103 351 2158 τήν
369 2103 433 2161 αλγα·
447 2100 580 2161 ἀιντίπετρος
600 2100 641 2160 μὲν
662 2099 706 2159 γάρ
725 2099 738 2145 ό
756 2098 824 2156 Ζεὺς,
870 2108 938 2155 Πᾶνα
955 2101 1052 2167 [εἶπελ
1068 2103 1117 2150 ἐπεὶ
1132 2101 1249 2162 χηλόπονς
1269 2099 1327 2148 ἐστί·
1341 2098 1423 2157 λάρναξ
1435 2100 1459 2147 δὲ
1472 2101 1486 2155 ἡ
1501 2099 1571 2162 χηλάς
1582 2101 1650 2156 καὶὴ

59 2174 126 2230 ἐπειδὴ
140 2173 187 2220 άντ·
207 2173 280 2222 αὐτοῦ
296 2177 376 2233 πέτρος
394 2170 460 2230 ἐδόθη
474 2175 509 2232 τῷ
527 2170 616 2232 Κρόνῳ’
634 2168 718 2231 ἐτράφη
737 2169 762 2216 δὲ
779 2169 825 2215 ὐπὸ
849 2202 850 2208 .
871 2171 970 2226 ηιδωτὸς
989 2169 1072 2219 ταύτόν
1100 2169 1157 2218 ἐστι·
1174 2170 1211 2217 διά
1229 2168 1254 2216 δέ
1276 2169 1303 2216 τὸ
1323 2168 1372 2224 ἐξῆς
1395 2167 1513 2224 δηλοέ.-
1533 2169 1570 2217 17.
1588 2168 1651 2218 'Aee

58 2245 113 2303 ἐῖἵόι
121 2247 159 2300 τῆς
173 2241 316 2303 Ἆμσλύῑὶσέ·
334 2241 486 2303 ’Ῑθιιιιύριι
503 2239 543 2288 ιιῦιι
556 2246 596 2294 τῆς
610 2243 695 2301 inne&
705 2243 746 2287 eon
762 2239 825 2296 Διὸς,
849 2233 850 2241 ¹
871 2243 925 2301 μελ
934 2241 1045 2297 ίσδοις·
1065 2241 1109 2297 ἡδὺ
1119 2239 1243 2303 προσόδοις
1255 2237 1384 2302 [bis-der:
1396 2237 1477 2302 Oen]
1490 2244 1518 2300 τῇ
1529 2237 1610 2302 Ἠχοῖ.
1624 2265 1651 2276 -

57 2315 148 2362 τιιιιίσιι
157 2320 195 2368 ni:
208 2315 290 2373 αἰγός,
304 2313 368 2362 εἶπεν
386 2315 426 2361 τὸν
442 2311 547 2360 αἰπόλον.
559 2337 590 2347 -
603 2313 625 2358 3.
643 2309 721 2371 Οὐχί
740 2311 825 2371 κιρά·
874 2316 911 2364 le.
925 2313 985 2361 Εῑπε
996 2312 1021 2360 δέ
1034 2312 1107 2369 αὐτὴν
1119 2312 1211 2359 ἐλλοπ
1220 2327 1244 2370 α,
1257 2313 1289 2364 ὡς
1298 2311 1338 2356 καὶ
1351 2310 1441 2370 μέροπα
1452 2309 1491 2371 (v.
1503 2312 1542 2370 5),
1552 2311 1600 2358 άπὸ
1609 2317 1651 2358 τοῦ

57 2395 130 2431 σταν·
139 2383 204 2444 κέρας
212 2383 276 2431 ἐστίν
287 2385 302 2440 ἡ
314 2383 369 2444 θρίξ.
378 2382 444 2430 Ἐπεὶ
453 2379 494 2428 οὐν
506 2381 552 2430 θπὸ
563 2385 603 2436 τῆς
620 2381 755 2438 Πηνελόπης
764 2396 827 2438 γεγε·
870 2383 982 2432 ἀλλείπειν
993 2387 1022 2445 τῇ
1034 2387 1107 2445 φωνῇ.
1121 2407 1149 2416 -
1170 2386 1206 2430 le.
1227 2381 1321 2428 Καλλι
1330 2379 1367 2428 όπ
1376 2394 1409 2427 αν
1427 2378 1447 2426 δ’
1459 2379 1506 2427 ἀπὸ
1518 2385 1560 2428 τοῦ
1576 2382 1650 2438 καλὴν

57 2454 126 2510 νησθαι
141 2453 235 2502 αἰπόλον
252 2455 308 2513 ἔφη,
324 2453 412 2500 ἔστιδὲ
431 2451 525 2505 αἰπόλος
535 2450 774 2511 καίὸύίομάτας,ού
788 2453 826 2511 μέ·
871 2455 919 2503 ὄπα
938 2455 1092 2515 προφέρεσθαι
1111 2450 1162 2515 [sie
1184 2454 1248 2511 Jee,
1265 2449 1326 2500 eod.
1352 2452 1406 2500 καλ.
1431 2448 1499 2512 quod
1512 2451 1654 2514 εοιγιιίίιιτχ

57 2539 129 2584 μιητυι
139 2524 332 2580 ὸαύτόςποιητης
342 2524 365 2571 έν
374 2529 422 2577 τοῖς
432 2524 579 2576 Πουκολικοῑς
587 2522 827 2570 ότικατακλεισθέντα
850 2542 851 2550 ·
870 2524 1057 2586 περιεστιγμένον
1069 2525 1095 2572 et
1109 2535 1157 2570 uox
1168 2519 1373 2584 πατρορίρεσθαι].
1386 2547 1416 2555 -
1425 2527 1463 2570 θθ.
1478 2521 1654 2579 Νηλενστον

57 2593 115 2640 αὐτὸν
129 2595 157 2645 τίς
165 2592 268 2656 λάρνακα
278 2593 375 2656 ἔθρεψαν
383 2593 492 2654 μέλισσαι
505 2590 623 2654 (Theocr.
636 2590 673 2639 ld.
688 2593 745 2651 vll,
760 2593 789 2639 78
802 2595 827 2640 ei
871 2595 894 2642 δὲ
903 2595 945 2651 την
957 2592 1066 2656 ἀόρατον·
1078 2595 1105 2641 τὸ
1117 2593 1161 2656 γάρ
1170 2593 1198 2648 νὴ
1207 2593 1350 2654 στερητικὸν,
1362 2593 1390 2639 τὸ
1403 2591 1427 2640 δὲ
1440 2591 1545 2640 λεύσσειν
1566 2593 1615 2642 ἐστὶ
1628 2596 1654 2642 τὸ

55 2661 146 2724 schol),
163 2664 200 2710 διά
212 2668 283 2710 τοῦτο
294 2663 346 2711 εἷπε
361 2665 401 2722 τὸ,
418 2663 470 2724 ουχὶ
488 2678 527 2709 τον
544 2661 654 2722 Κυμάταν
668 2664 737 2722 λέγω.
751 2663 824 2710 Ταυ-
871 2665 1013 2726 dedu—De
1019 2665 1098 2712 metro
1107 2662 1196 2711 ilerum
1204 2661 1258 2711 haec
1267 2663 1415 2710 annotantur
1424 2677 1431 2707 ·.
1441 2664 1474 2710 Τὸ
1483 2663 1508 2710 δὲ
1516 2663 1654 2723 ποιημάτιον

56 2733 200 2794 ροπάτορα
214 2734 239 2781 δὲ
252 2734 305 2782 εἷπε
320 2735 363 2791 τήν
386 2734 508 2794 μέλισσαν,
525 2732 605 2790 ἐπειδὴ
624 2734 764 2792 σηπομένων
779 2738 826 2780 τῶν
871 2737 1012 2791 συνέστηκεν
1022 2737 1048 2781 έκ
1057 2734 1146 2796 μέτρων
1154 2733 1214 2782 ὅλων
1225 2733 1266 2794 μέν
1277 2733 1432 2790 δακτυλικῶν,
1442 2732 1588 2790 ποσότητιὸέ
1600 2734 1653 2781 δια-

55 2801 135 2864 τούρων
156 2803 270 2863 μελίσσας
292 2805 347 2864 φασί
372 2802 484 2860 γίνεσθαι.
503 2829 534 2837 -
557 2807 581 2852 l.
601 2801 670 2853 Ἀλλ’
695 2803 727 2851 ού
745 2805 825 2852 πιλι·
871 2805 992 2868 φερόντων·
1007 2806 1034 2852 τὸ
1050 2805 1090 2866 μέν
1107 2805 1255 2868 γάρπρῶτον
1269 2803 1382 2864 δίστιχον,
1403 2801 1526 2866 ἑξάμετρον
1540 2803 1654 2859 ἀκατάλη-

55 2877 108 2927 πές·
119 2872 166 2920 ἀλλ’
179 2874 314 2922 ἐκεῖνοντὸν
322 2873 428 2933 αἰπόλον,
438 2872 510 2931 δςτῆς
521 2873 607 2928 Πίτυος
617 2874 717 2935 ἠράσθη.
729 2874 826 2929 Πιλιπές
870 2889 934 2923 κτον·
949 2876 976 2923 τὸ
990 2874 1093 2936 δεύτερον
1106 2875 1147 2932 δὲ,
1163 2875 1286 2936 ἑξάμετρον
1302 2873 1482 2930 καταληκτικόν·
1494 2875 1521 2922 τὸ
1531 2875 1556 2922 δὲ
1567 2874 1653 2937 τρίτον,

55 2943 149 3006 δέτέρμα
158 2945 243 2998 σάκους
256 2944 309 2992 εἶπε
323 2944 367 3001 τὴν
378 2943 454 3002 πίτυν,
469 2942 548 2998 ἐπειδη
563 2942 688 2998 ἠὲξωτάτη
697 2943 826 3004 περιφέρεια
850 2956 851 2965 ’
870 2945 1025 3006 πεντάμετρον
1037 2944 1206 3001 ἀκατάληπτον·
1217 2945 1244 2992 τὸ
1258 2946 1375 3006 τέταρτον,
1389 2943 1544 3008 πεντάμετρον
1564 2945 1652 2992 ἀκατά-

56 3020 89 3069 nie
97 3013 190 3069 ἀσπίδος
202 3015 256 3069 ίτυς
269 3017 385 3062 καλεῖται·
404 3012 502 3061 ἐλλείπει
519 3012 558 3060 ούν
571 3013 630 3074 αὐτῇ
647 3014 674 3060 τὸ
685 3029 712 3060 πι
731 3013 788 3074 πρὸς
799 3015 826 3060 τὸ
871 3017 954 3074 ληκτον
968 3017 1152 3076 (καταληπτικον
1162 3013 1217 3063 cod
1235 3011 1253 3076 )·
1263 3015 1290 3062 τὸ
1301 3015 1415 3075 πέμπτον,
1433 3014 1583 3078 τετράμετρον
1594 3015 1655 3064 ἀκα-

58 3084 107 3132 ιίναι
119 3083 192 3133 πίτυν.
205 3111 237 3120 -
256 3091 278 3132 5.
297 3083 404 3144 ούνομ’
422 3085 494 3132 όλον
511 3082 623 3139 δίζωον·
638 3085 721 3138 δίξωον
731 3081 770 3129 οὐν
785 3083 826 3130 αὺ-
870 3088 991 3144 τάληκτον·
1006 3087 1032 3134 τὸ
1048 3087 1123 3140 ἔκταν,
1137 3085 1289 3148 τετράμετρον
1307 3085 1493 3142 καταληκτικόν·
1510 3086 1536 3133 τὸ
1546 3087 1653 3148 ἐόδομον,

56 3154 90 3201 τὸν
101 3155 169 3214 εἶπεν,
180 3155 261 3212 έπειὸή
273 3155 314 3202 δύο
324 3155 390 3210 ξώων
404 3153 464 3208 εἶδος
474 3155 534 3214 έχει,
549 3153 670 3214 ἀνθρώπου
682 3153 722 3200 καὶ
732 3151 826 3212 τράγον.
870 3157 989 3214 τρίμετρον
1006 3149 1174 3204 ἀκατάληκτον·
1190 3148 1218 3196 τὸ
1228 3147 1320 3208 θγδοον,
1333 3148 1453 3208 τρίμετρον
1466 3151 1646 3207 καταληκεικάν·

56 3223 465 3286 -Ὃςτάςύὐέροπυςπὸθοψ
481 3224 505 3279 ός
516 3229 556 3280 τῆς
569 3222 655 3286 Ἠχοῦς
669 3223 766 3284 ἠράσθη·
777 3223 827 3271 εἷπε
870 3225 897 3272 τὸ
912 3223 1028 3280 δέκατον,
1045 3219 1149 3282 δίμετρον
1172 3218 1357 3278 καταληκτικὸν,
1377 3218 1419 3272 τὰς
1438 3221 1573 3276 unselein:
1595 3223 1650 3285 έχον

55 3295 75 3341 n
95 3295 162 3350 αὐτην
182 3295 307 3356 Μέροπος,
326 3295 372 3341 ἀπὸ
391 3298 432 3342 τοῦ
454 3296 486 3353 μή
504 3293 559 3349 ὅλην
578 3292 768 3353 ἀντιφθέγγεσθαι
786 3293 827 3348 τὴν
870 3293 998 3357 χορίαμθον
1023 3289 1101 3353 [ἔχων
1122 3304 1181 3351 χωρ.
1204 3285 1283 3349 Ceth]
1297 3287 1338 3337 καὶ
1357 3289 1483 3349 μολοσσόν.
1508 3292 1577 3340 -Ὀ
1592 3299 1649 3353 γοὺν

59 3365 207 3426 ςωνήν,ἀλλά
219 3365 288 3425 μέρος
304 3365 331 3412 τὸ
347 3365 486 3412 τελευταῖον.
500 3361 579 3425 [sud.
597 3362 675 3419 ὸς,οὐ
691 3363 827 3410 metrum&
870 3365 993 3426 θεόκριτος
1016 3361 1124 3419 τὸγένος
1147 3357 1289 3420 Συρηκόσισς
1309 3357 1416 3420 ἦιιμρισιν
1440 3360 1479 3408 ἐπὶ
1499 3363 1650 3424 Πτολεμαίου

55 3432 184 3482 salmasius.
201 3461 232 3474 -
247 3441 262 3482 e
276 3433 402 3495 γηρυγόνος
423 3431 495 3492 cod..
511 3432 582 3482 aliter
594 3433 670 3483 schol.
691 3451 703 3474 «ι
723 3431 827 3481 Lexieon
869 3440 912 3485 τοῦ
929 3433 1083 3495 Φιλαδέλφου.
1106 3455 1138 3464 -
1161 3431 1198 3478 De
1220 3429 1287 3478 hisee
1311 3429 1437 3491 figuralis,
1461 3445 1518 3494 ηοω
1546 3439 1649 3494 roesnt,

56 3517 137 3553 norum
158 3503 268 3553 reddidit
290 3504 406 3566 γηρυγόνη
428 3517 489 3553 voce
509 3508 573 3554 ιιοιο
598 3523 604 3552 :
622 3517 703 3554 errore
715 3516 762 3552 non
781 3503 827 3553 rni·
870 3506 999 3574 poematiis
1012 3505 1093 3553 exstat
1107 3499 1258 3550 Boissenadii
1275 3500 1502 3562 dissertatiuncula,
1525 3503 1597 3554 docte
1611 3518 1650 3555 eu·

55 3573 121 3624 nino.
134 3573 219 3624 nenos
231 3574 386 3624 scholiastes.
404 3577 460 3624 1³15.
473 3576 521 3624 Pro
537 3574 670 3635 ἀνεμώκεος
680 3572 759 3623 schol.
774 3575 826 3623 ἀντ·
870 3581 927 3629 rtem
939 3581 964 3627 et
973 3574 1098 3638 ingeniose
1112 3572 1215 3635 scriptu,
1231 3571 1256 3620 in
1273 3571 1326 3633 eius
1339 3571 1440 3621 ltlscell.
1460 3585 1483 3621 a.
1505 3577 1563 3623 lene
1577 3573 1650 3624 odilis

56 3642 231 3707 μάδεοςίθχίόάθ
242 3642 828 3708 γίύαέὶαηηοίαίθθσ.]Γηρυγόνηνόὲ,ἑπειύή
869 3653 915 3702 t‚1
939 3663 963 3712 γι.
977 3648 1093 3696 eni-374.

54 3723 88 3772 τῆς
100 3717 190 3778 γηρνος,
204 3715 312 3762 τουτέστι
329 3718 472 3773 τῆςφωνῆς,
487 3715 529 3773 τὴν
547 3716 637 3770 γένεσιν
650 3715 772 3778 λαμὸάνει’
792 3715 829 3765 διὸ

54 3791 89 3838 καὶ
108 3786 265 3848 ἀνεμὼδης
287 3783 471 3846 (compendio),
491 3791 597 3835 τουτέστι
624 3787 781 3848 πνευματική.
797 3812 828 3822 -
850 3822 852 3865 Ι
903 3788 977 3836 ltllll.
994 3787 1044 3835 «ln
1060 3786 1173 3835 lemmate
1185 3783 1269 3834 addidi
1283 3797 1372 3834 nemen
1393 3787 1492 3846 Σιμμίου
1506 3789 1532 3834 et
1550 3786 1586 3834 sic
1605 3801 1657 3834 cur-

53 3851 128 3905 Ὶ-Ὅτ
139 3853 252 3916 nosco
269 3854 343 3914 λιγὺ
360 3855 451 3908 neten
466 3853 639 3915 ἰοσιισάιιι)
653 3850 711 3914 [pro
721 3865 771 3914 (1⁰⁰
784 3853 826 3900 ἕλ·
850 3894 853 3932 ,
872 3857 936 3907 mine
947 3861 984 3916 tl,
995 3856 1177 3906 exauctoritate
1188 3855 1368 3919 nephastienis
1379 3855 1455 3905 tinch.
1466 3869 1487 3905 c.
1502 3862 1560 3919 ιηρ.
1575 3858 1652 3916 5l,ed

54 3937 98 3976 ιισι
111 3920 185 3971 Βθὶθθ·
196 3921 214 3985 ]“
229 3923 256 3978 ὃς
268 3929 386 3983 noveleti<
400 3924 468 3980 loru
480 3926 520 3982 ιἰλιι
538 3923 647 3985 σύριγγα·
660 3922 710 3970 Εἷιῐέ
719 3923 744 3970 ἃ
757 3922 828 3979 ιιιίιὴν
850 3951 852 3969 ι
871 3940 946 3989 quem
959 3926 1045 3976 schol:
1061 3927 1226 3988 σύγγραμμαὸ
1239 3927 1355 3986 Πέλεκυς,
1367 3925 1416 3974 ἐπεὶ
1426 3925 1488 3974 κατά
1501 3925 1599 3987 μίμησιν
1617 3943 1655 3973 πε-

55 3991 153 4049 Uitel.
175 3993 227 4042 ἐπεὶ
248 3993 307 4046 ιῖδσι
327 4010 350 4040 τι
373 3994 434 4042 ἐστὶι
453 3995 532 4048 nunu<
557 3994 618 4041 οὕτω
633 3993 782 4054 καλούμενον.
798 4021 828 4028 -
850 4022 853 4038 ι
872 3999 956 4053 λέκεως
971 3999 1121 4046 συντέθειται·
1133 3998 1223 4059 μακράν
1236 3996 1280 4058 γάρ
1295 3997 1436 4058 ἑκατέρωθεν
1448 3996 1558 4043 τέθεικεν·
1570 3995 1619 4044 ἐστι
1631 3997 1655 4044 δὲ

54 4067 74 4110 8.
90 4061 218 4124 Ἀγαλμα
234 4063 267 4111 δέ
284 4061 387 4111 Πόθον
403 4061 452 4126 [eie
469 4062 561 4120 Belem
585 4063 684 4125 σύριγγα
706 4063 732 4110 δέ
755 4061 827 4110 πόθον
872 4068 912 4116 καὶ
929 4070 1016 4130 Σφαῖρον
1027 4069 1067 4115 καὶ
1086 4067 1172 4127 θρόνος
1194 4068 1335 4128 σύγγραμμα
1352 4065 1504 4127 καλούμενον.
1520 4069 1614 4116 Versus
1627 4081 1657 4116 oo

55 4131 138 4194 eon.]·
151 4132 202 4180 ἐπεὶ
213 4131 324 4194 Sient&
332 4149 393 4188 τινος
400 4133 489 4194 ἠράσθη
499 4135 512 4182 ὁ
522 4134 583 4192 Πὰν.
595 4134 635 4181 eol
645 4135 677 4187 εἰς
687 4133 779 4193 μνήμην
786 4137 827 4180 τοῦ
873 4135 959 4186 ordine
971 4135 1066 4198 legendi
1079 4139 1152 4196 sunt,
1168 4139 1196 4185 ut
1214 4135 1392 4199 intelligantur.
1409 4148 1484 4197 quem
1495 4134 1604 4185 indicent
1615 4149 1657 4184 nu-

53 4202 225 4264 ἐννενούαιδὴ
234 4202 279 4264 πρὸ
287 4203 347 4264 ὥρας
355 4204 477 4264 μετήλλαξε
485 4205 524 4252 τόν
533 4205 593 4265 βίον,
602 4205 629 4252 τὸ
639 4203 752 4264 μουσικὸν
761 4203 829 4264 ἀργά·
873 4209 935 4257 meri
946 4220 961 4256 ιι
974 4219 1014 4256 ine
1027 4207 1051 4255 in
1073 4207 1148 4256 lutere
1159 4205 1273 4269 appositi.
1293 4225 1306 4250 ν
1329 4209 1362 4256 Β,
1384 4207 1455 4255 llunc
1474 4219 1574 4268 quoque
1588 4205 1656 4255 ordi·

53 4288 87 4319 νον
94 4273 187 4331 ἐποίησε
199 4273 319 4328 κσιοῡτως
328 4273 444 4323 ἐκάλεσεν.
456 4273 533 4336 [eod.
547 4274 735 4336 πυριομοιράγον,
746 4285 829 4336 super·
873 4291 930 4326 nem
942 4277 1109 4341 expressimus
1118 4276 1231 4340 exemplo
1242 4276 1357 4334 tneobsii,
1372 4277 1416 4339 qui
1430 4291 1436 4318 τ
1452 4297 1464 4318 «
1476 4276 1602 4326 illustrare
1615 4290 1657 4326 co·

55 4341 180 4402 insiteuin
188 4341 323 4406 nuel-tl.
331 4343 378 4396 Ὃς
394 4345 689 4405 σθέσενᾰνορέοινθς
698 4345 830 4406 τὴνθπερη-
851 4366 854 4435 Ι
873 4351 923 4396 nnti
942 4349 1001 4397 sunt
1020 4346 1106 4396 claud.
1125 4346 1244 4396 nuherius
1264 4346 1293 4397 ad
1311 4346 1405 4396 sulcem
1421 4346 1542 4396 Theocriti
1557 4361 1581 4409 ρ.
1599 4353 1653 4402 243,

54 4417 127 4475 φοινίαν
136 4415 607 4476 ίπανσετὴνΠερσικήνκαὶτηςάπιοίείας
615 4418 656 4470 την
671 4415 785 4476 Εὐρώπην
793 4414 829 4478 ερ-
873 4414 990 4464 Brudaeue
1004 4414 1104 4464 Miscell.
1116 4417 1173 4472 vll.
1187 4419 1224 4476 nl,
1240 4415 1342 4465 Salinae.
1352 4416 1376 4466 ln
1386 4419 1462 4467 Inser.
1472 4417 1562 4467 Herod.
1574 4430 1598 4480 ρ.
1613 4423 1657 4466 lnu

55 4483 142 4544 ρύσατο·
155 4487 213 4546 ρασὶ
224 4485 269 4546 γάρ
278 4484 313 4532 ὅτι
325 4485 446 4547 ἐναργῶςθ
457 4484 667 4542 ΠὰντοίςἜλλησι
679 4484 830 4546 συνεμάχησε
873 4498 942 4548 seqq.
955 4484 1090 4535 Plurimum
1099 4485 1161 4535 lunis
1170 4486 1227 4536 huie
1241 4487 1343 4536 enrmlui
1354 4487 1491 4538 accendunt
1500 4487 1593 4537 scholia
1607 4491 1654 4541 Cn·

54 4555 110 4603 κατά
124 4559 170 4603 τῶν
186 4554 318 4617 βαράάρων·
337 4556 466 4617 ἀνορέαν
477 4555 516 4618 δέ,
529 4557 571 4614 την
591 4557 708 4616 Περσικὴν
720 4556 827 4617 αύχησιν.
851 4547 855 4584 ¹
874 4557 943 4608 dicis.
955 4577 967 4600 ο
981 4583 1011 4592 -
1029 4556 1109 4606 schol.
1125 4573 1130 4601 τ
1142 4561 1185 4605 Δεῖ
1194 4558 1235 4606 τὸν
1250 4558 1441 4620 ἀναγινώσκοντα
1450 4558 1490 4606 καί
1504 4559 1656 4620 ἐξηγούμενον

57 4628 82 4686 ξι
93 4625 129 4674 De
138 4623 230 4673 auxilio
240 4621 308 4684 qued
317 4622 369 4670 Pan
377 4620 492 4684 prestitit
507 4623 703 4683 Atheniensibus,
714 4623 769 4673 uide
776 4639 830 4676 rnen
874 4630 932 4690 μετά
943 4627 971 4676 τὸ
985 4631 1076 4689 πρῶτον
1088 4629 1164 4674 κῶλον
1177 4628 1204 4676 τὸ
1219 4629 1351 4677 τελευταῖον
1360 4630 1445 4690 λέγειν,
1462 4630 1514 4677 εἶτα
1530 4631 1557 4677 τὸ
1578 4631 1656 4679 δεύτε-

53 4689 182 4755 edSyring.
195 4692 298 4742 Thence.
307 4692 345 4743 ed.
357 4705 407 4743 sec.
416 4706 441 4757 p.
452 4696 506 4744 θίιι.
520 4713 531 4736 ν
547 4693 594 4758 3.]
607 4725 635 4735 -·
647 4698 670 4753 9,
686 4698 722 4743 le.
740 4699 831 4745 Ἰσαυ·
874 4714 913 4759 ρον
934 4697 975 4746 ἀπ’
994 4697 1066 4761 ἀρχῆς
1085 4699 1124 4745 καὶ
1143 4697 1192 4759 μετ’
1201 4699 1259 4746 αὐτὸ
1277 4699 1304 4746 τὸ
1319 4699 1424 4760 δεύτερον
1443 4699 1489 4747 ἀπὸ
1509 4701 1602 4763 τέλους,
1615 4704 1655 4750 καὶ

53 4759 102 4809 δία
113 4763 329 4824 παπποφύνον,
345 4763 395 4812 ἀντὶ
410 4768 452 4812 τοῦ
465 4765 592 4826 ὁμώνυμον
606 4759 648 4813 τοῦ
660 4767 785 4828 Περσέως,
805 4767 830 4822 ὸς
874 4769 948 4823 οὕτως
962 4768 1058 4826 καθεξῆς
1074 4769 1117 4823 ἕως
1136 4775 1178 4816 τοῦ
1191 4769 1280 4829 μέσον,
1295 4771 1356 4817 ὥστε
1371 4773 1398 4818 τὸ
1416 4771 1488 4830 μέσον
1505 4773 1569 4826 τέλος
1585 4775 1645 4822 εἶναι

53 4831 90 4877 τὸν
102 4832 197 4881 πάππον
206 4834 280 4883 αὐτοῦ
291 4835 331 4884 τὸν
347 4833 463 4896 Ἀκρίσιον
476 4836 605 4884 ἀπέκτεινε.
621 4837 669 4893 Τὴν
679 4837 703 4884 δὲ
717 4837 830 4900 Εὐρώπην
874 4843 919 4889 Τόν
935 4842 1034 4889 πέλεκυν
1050 4845 1131 4889 τοῦτον
1150 4839 1244 4895 Ἐπειὸς
1263 4841 1386 4898 ἀνατίθησι
1400 4847 1429 4904 τῇ
1449 4841 1538 4906 ἶάθηνᾷ,
1552 4845 1572 4906 ᾧ
1587 4863 1656 4894 κατε·

54 4901 135 4961 Τυρίαν
147 4903 223 4963 εἶπεν,
236 4905 339 4964 ἐπιιὸὴη
355 4905 455 4966 Εὐρώπη
467 4907 513 4954 θπὸ
523 4907 576 4961 Διὸς
586 4907 733 4966 ἀρπασθεῑσα
744 4909 830 4957 ἐκεῖθεν
874 4911 976 4960 σκεύασε
989 4911 1030 4960 τὸν
1040 4911 1142 4973 δούρειον
1155 4911 1235 4959 ἵππον.
1254 4913 1287 4960 Τὸ
1306 4927 1388 4973 μετρον
1403 4913 1427 4961 δὲ
1447 4915 1602 4976 χοριαμάιιιὸν
1612 4918 1652 4978 ἀρ-

55 4968 124 5046 (Wl-
138 4971 233 5036 ἐκείνη)
246 4973 284 5033 ἦν.
299 4972 378 5037 [cod.
392 4975 477 5036 Τυρίας
488 4991 513 5023 τε
522 5012 530 5033 ,
540 4973 627 5024 mutilo
637 4988 718 5025 versu.
736 4978 829 5026 Salina·
874 4981 971 5044 ξάμενον
983 4981 1209 5041 ἀπὸκαταληκτικοῡ
1220 4982 1353 5044 ἑξαμέτρου,
1368 4984 1501 5044 καταλῆγον
1511 4985 1536 5033 δέ
1546 4989 1578 5042 είς
1588 5003 1657 5050 μονο·

55 5051 103 5090 ειυε
128 5041 252 5105 supplerit
274 5044 359 5103 Τυρίου
378 5042 399 5092 τ’
421 5045 551 5107 ἐρρύσατο,
575 5045 686 5094 Boisson.
706 5047 789 5110 Τυρίας
809 5050 831 5096 τ’
874 5067 956 5114 μετρον
975 5051 1094 5114 tenetote.
1113 5051 1209 5110 Quibus
1224 5048 1279 5102 hee
1297 5065 1326 5102 er
1341 5057 1410 5116 parte
1427 5054 1487 5104 laiss
1508 5055 1654 5108 adduntur:

57 5109 701 5178 άρείλετο.]-11.ᾯτὸδε,ἀντίτοῦτῷΠανίιήν
717 5119 829 5180 σύριγγα,
874 5121 908 5168 Τὸ
920 5121 977 5169 αὐτὸ
989 5123 1070 5183 μέτρον
1080 5126 1115 5184 τῷ
1133 5123 1262 5184 Πτερυγίῳ,
1273 5123 1332 5171 ἀλλά
1347 5124 1448 5186 διαφέρει
1458 5127 1592 5189 καθὸὸμάν
1605 5131 1653 5177 ΙΙέ·

55 5186 97 5228 τῶν
112 5182 230 5245 ἀγροίκων
247 5185 374 5248 ἐπέραστον
391 5191 483 5246 κτῆμα,
498 5187 622 5245 θεόκριτος
638 5187 745 5243 ἀνέθηκεν
763 5190 776 5236 ὸ
791 5192 830 5238 xr-
874 5191 940 5245 λεκυς
949 5189 998 5252 ἔχει
1008 5191 1036 5239 τὸ
1047 5195 1138 5253 πρῶτον
1152 5193 1228 5238 κῶλον
1240 5191 1295 5256 πρὸς
1305 5195 1472 5254 τῷτελευταίῳ
1482 5197 1655 5260 συναπτόμενον

23 5251 25 5292 ἶ
55 5251 120 5314 ιιίχυν
131 5253 246 5318 (οιμὴχου
261 5255 338 5318 Coti.)
352 5263 417 5314 παῖς.
437 5257 650 5322 Τνρλορόρους
667 5259 692 5308 δέ
713 5261 765 5309 εἶπε
775 5260 829 5317 τούς
874 5261 934 5308 κατά
945 5261 1058 5310 διάνοιαν·
1075 5261 1137 5310 τὸδὲ
1157 5263 1284 5326 Πτερύγιυν
1300 5265 1361 5312 κατά
1381 5265 1407 5313 τὸ
1426 5267 1475 5324 ἐξης
1491 5272 1539 5315 τῶν
1556 5269 1654 5331 στίχων.
