3780 5920
795 395 1050 465 ANTHOLOGIAE
1079 395 1282 458 Patauium

473 528 537 577 soe.
560 514 762 580 nuntiauit

542 664 581 720 El<
590 664 617 713 τὸ
629 666 693 714 αὐτό.

227 783 356 851 Θεσπιέες
369 783 412 842 τὸν
427 781 535 863 Ἔρωτα
551 786 629 861 μόνον
645 790 700 847 θεὸν
716 792 745 848 ἐκ
763 791 902 870 Κυθερείης

269 872 364 960 ἕζοντ’,
376 873 426 951 οὐχ
439 873 527 953 ἑτέρου
540 875 655 953 γραπτὸν
672 879 718 934 ἀπ’
731 879 896 956 ἀρχετύπου,

227 962 287 1020 ἀλλ’
298 958 327 1020 δν
339 959 503 1038 Πραξιτέλης
515 959 581 1037 ἔγνω
593 963 665 1021 θεόν·
677 963 705 1023 θν
716 965 777 1046 περὶ
791 967 884 1047 Φρύνῃ

269 1047 438 1126 διρκόμινος,
454 1048 585 1128 σφετέρων
600 1048 693 1128 λύτρον
707 1050 788 1112 ἔδωκε
803 1055 902 1116 πόθων.

406 1203 413 1214 ·
476 1191 543 1242 tut.
567 1183 756 1246 nuntiat.

228 1323 331 1404 Γυμνθς
344 1319 450 1405 Ἔρως·
463 1323 507 1384 διδ
522 1329 597 1384 τοῦτο
610 1327 676 1408 γελᾷ
690 1327 735 1386 καὶ
751 1328 869 1410 μείλιχός
883 1335 969 1392 ἐστιν·

268 1417 298 1474 οὗ
313 1413 364 1494 γδρ
378 1411 435 1494 ἔχει
449 1411 524 1480 τόξον
537 1412 582 1474 καὶ
594 1413 723 1494 πυρόεντα
739 1417 821 1494 βέλη·

227 1501 285 1562 οὐδὲ
302 1500 390 1577 μάτην
404 1499 542 1577 παλάμαις
556 1502 663 1581 κατέχει
678 1503 785 1583 δελφῖνα
800 1505 845 1564 καὶ
860 1505 949 1572 άνθος·

268 1593 301 1668 τῇ
316 1587 364 1665 μὲν
377 1589 428 1670 γδρ
442 1595 537 1666 γαῖαν,
550 1593 583 1668 τῇ
597 1590 624 1648 δὲ
639 1591 773 1651 θάλασσαν
788 1592 856 1674 ἔχει.

350 1737 420 1786 208.
442 1727 889 1793 pessinuntensium.

359 1872 399 1926 Εἰς
411 1870 505 1934 Ἔρωτα
517 1870 658 1918 καθεύδοντα
670 1869 693 1918 bs
706 1869 879 1936 πιπιροπάστη.

230 1993 300 2058 Οὖδδ
313 1994 525 2067 κατοκνούντων,
535 1997 589 2054 οὗθ’
602 1994 709 2070 ἄπνοος,
723 1999 779 2058 οὐδ’
792 2001 829 2059 ἐνὶ
843 2001 911 2061 δαιτὶ

269 2084 344 2164 νόσφι
357 2083 539 2164 πυρισπάρτου
551 2083 684 2162 δόγματός
699 2087 768 2146 lesse
780 2086 878 2169 Ἔρως.

511 2229 574 2282 209.
590 2234 726 2282 ΑΔΗΛΟΝ.

228 2335 339 2409 olent
353 2342 397 2404 τδν
410 2346 488 2405 δαλον
503 2349 611 2426 φυσῶν,
624 2345 668 2404 ἵνα
681 2347 777 2428 λύχνον
790 2351 907 2430 άνάψῃς,

269 2431 338 2511 δεῦρ’
352 2435 398 2493 ἐπ’
415 2435 481 2511 lpse
494 2437 581 2514 ψυχάς
596 2437 677 2515 άψον·
691 2435 749 2503 ὅλος
763 2438 903 2518 φλέγομοιι.

463 2588 533 2640 210.
557 2583 778 2645 ΠΛΑΤΩΝΟΣ.

229 2708 322 2779 Ἄλσος
335 2710 357 2770 δ’
367 2713 402 2778 ὡς
414 2711 541 2788 ἱκόμεσθα
558 2713 713 2790 βαθύσκιον,
725 2715 833 2796 εὕρομεν
847 2717 918 2776 ἔνδον

230 2796 384 2878 πορφυρέοις
398 2798 521 2875 μήλοισιν
536 2801 640 2860 ἐοικότα
653 2803 736 2860 παῖδα
755 2804 885 2883 Κυθήρης.

230 2885 295 2945 Οὐδ’
306 2883 367 2966 έχεν
380 2885 483 2947 ἶοόόλον
497 2887 647 2969 φαρέτρην,
663 2891 692 2947 αθ
709 2890 836 2962 καμπύλα
850 2891 927 2960 τόξα·

230 2971 300 3032 ἀλλὰ
313 2974 346 3031 τὰ
362 2972 410 3051 μὲν
424 2975 572 3055 δένδρεσσιν
587 2980 631 3036 ὑπ’
646 2979 812 3037 εὐπετάλσισι
826 2981 970 3060 κρέμαιτο,

229 3060 306 3128 αὐτὸς
319 3058 342 3119 δ’
353 3065 379 3121 ἐν
393 3062 537 3123 καλόκεσσι
555 3064 635 3146 ῥόδων
653 3066 834 3142 πεπεδημένος
848 3067 920 3149 ὕπνῳ

146 3149 152 3168 ’
229 3139 302 3206 εύδεν
317 3150 453 3224 μειδιόων·
465 3151 551 3220 ξουθαλ
566 3155 590 3210 δ’
600 3153 728 3234 ἐφύπερθε
743 3155 867 3230 μέλισσαι

228 3235 377 3317 κηροχύτου
394 3239 499 3316 μέλιτος
512 3244 601 3319 λαροῑς
615 3244 657 3301 ἐπὶ
672 3243 773 3323 χείλεσι
787 3249 876 3322 βαῖνον

229 3325 398 3409 [lp-{uirida}

343 3449 411 3501 211.
433 3441 678 3503 trutinatur
700 3448 898 3509 utilior.

464 3575 504 3629 Εἰς
516 3573 611 3636 Ἔρωτα
622 3577 778 3638 κοιμώμενον.

229 3682 332 3757 Elian,
345 3682 489 3764 ἀγρύπνους
503 3685 608 3765 ἐπάγων
621 3691 735 3772 θνητοῖσι
749 3687 890 3766 μερίμνας·

515 3857 573 3904 soii.
589 3871 719 3915 seusium,

488 3948 592 4018 ejusdem
606 3954 754 4019 argumenti.

227 4046 372 4113 Thespiades
383 4063 467 4098 venam
479 4049 580 4098 Veneris
592 4060 739 4100 veneramur
750 4055 881 4114 Amorem,

261 4133 291 4179 Et
302 4129 344 4196 qui
358 4145 407 4194 non
422 4129 470 4179 alio
486 4129 556 4180 fluxit
567 4131 598 4181 ab
610 4130 754 4198 archetypo,

226 4213 273 4266 Sed
282 4229 354 4279 quem
363 4213 493 4264 Praxiteles
504 4214 531 4264 in
542 4212 649 4280 Phryues
662 4215 719 4264 vidit
733 4216 830 4276 ocellis,

260 4299 342 4362 litque
352 4295 400 4348 isui
410 4295 518 4363 Phrynes
529 4306 607 4364 posset
618 4313 714 4358 amoro,
729 4299 802 4348 dedit.

514 4412 572 4458 207.
592 4413 717 4454 enniana,

493 4475 524 4526 sle
539 4478 604 4527 nudo
619 4477 744 4546 Cupidine.

228 4573 311 4624 Nudus
323 4573 355 4622 ob
369 4572 415 4624 hoe
428 4575 505 4640 ipsum
518 4575 605 4638 gaudet
617 4575 727 4640 ridetque
740 4577 848 4642 Cupido;

262 4658 323 4704 Nam
336 4671 414 4720 neque
428 4672 492 4705 nunc
507 4672 601 4716 areum,
613 4672 658 4706 nee
669 4657 718 4706 cita
732 4659 779 4708 tela
792 4659 862 4722 gerit.

230 4737 302 4800 stod
314 4735 428 4804 delphina
441 4752 525 4787 manus
537 4737 584 4787 lert
594 4746 619 4789 et
633 4755 716 4789 manus
729 4740 804 4789 altera
816 4741 898 4799 flores,

262 4825 318 4872 Nou
328 4820 415 4870 irustra
424 4831 460 4871 est
470 4836 478 4874 ε
489 4832 566 4872 terras
577 4821 629 4872 hee
641 4831 721 4883 tenet,
736 4824 777 4872 illa
788 4841 862 4876 mare.

440 4926 498 4975 ποθ.
517 4940 644 4974 oasrssurs
662 4941 802 4988 sansacu,

343 5007 373 5058 de
393 5007 510 5077 Cupidine
525 5009 656 5060 dormiente
671 5012 697 5061 in
714 5009 761 5062 libo
774 5013 896 5081 piperato.

228 5102 340 5154 Dormiat
350 5103 440 5170 absque
451 5103 517 5154 omni
529 5120 598 5154 sensu
613 5104 669 5156 licet
683 5114 708 5154 et
721 5105 752 5155 sit
765 5105 856 5162 edulis,

262 5188 317 5236 Non
329 5185 389 5236 alius
403 5195 482 5236 tamen
493 5195 529 5237 est
539 5203 610 5253 quam
625 5187 747 5254 piperatas
759 5191 842 5238 Amor.

1333 541 1386 586 200.
1402 537 1556 586 bitumum.

1374 670 1401 714 ln
1411 669 1516 714 eundem.

1054 799 1215 864 Thespienses
1227 807 1342 852 Amorem
1354 800 1434 852 solum
1446 800 1523 852 deum
1534 816 1563 852 es
1577 804 1702 866 cptlierea
1714 810 1797 860 nntsss

1085 891 1241 951 uenerantur,
1253 903 1303 939 non
1314 888 1361 939 alio
1374 887 1524 940 delineatum
1539 904 1572 940 es
1582 891 1736 956 archetypo,

1054 975 1098 1026 sed
1108 989 1185 1041 φασιν
1198 975 1330 1026 Praxiteles
1339 975 1408 1026 norit
1417 975 1505 1037 deum,
1515 990 1590 1040 quem
1604 977 1631 1027 in
1644 978 1741 1042 Phryne

1085 1076 1202 1127 semem,
1216 1076 1318 1114 suarum
1332 1063 1441 1128 pretium
1455 1062 1525 1114 dedit
1539 1065 1697 1130 cupidinum.

1330 1209 1385 1264 ιον.
1402 1201 1563 1253 ammon.

1056 1338 1144 1388 Nudus
1155 1341 1231 1386 Amor
1243 1356 1250 1385 z
1262 1335 1295 1386 ob
1304 1333 1352 1386 boc
1362 1335 1427 1385 ridet
1440 1336 1467 1384 et
1477 1333 1540 1383 lenis
1553 1337 1606 1395 est;

1086 1437 1136 1474 non
1148 1423 1213 1474 enim
1223 1421 1299 1472 babet
1308 1435 1393 1471 meum
1403 1422 1429 1470 et
1436 1419 1507 1484 ignea
1517 1418 1576 1469 tela.

1056 1515 1106 1564 Neo
1114 1512 1207 1562 frustra
1218 1509 1307 1574 palmis
1316 1510 1384 1582 lenm
1394 1505 1535 1572 delphinum
1545 1509 1571 1556 ct
1579 1505 1683 1556 loreas:

1087 1601 1145 1652 bino
1158 1599 1225 1652 enim
1238 1601 1346 1659 terram,
1359 1597 1428 1648 illinc
1438 1609 1507 1646 mare
1518 1594 1637 1659 possidet.

1238 1757 1293 1804 208.
1312 1753 1472 1801 GABlllELll
1487 1751 1661 1801 Paniscus.

1095 1937 1100 1942 Ι
1162 1869 1190 1912 ln
1202 1869 1309 1912 imorem
1318 1865 1471 1910 dormientem
1481 1864 1503 1907 in
1513 1863 1599 1921 piperis
1609 1866 1737 1920 aspersam

1056 2012 1107 2060 tice
1120 2008 1260 2070 dormiens,
1273 2020 1319 2057 nee
1329 2004 1489 2068 sinebalitu,
1501 2017 1548 2056 nee
1560 2005 1587 2054 in
1601 2005 1716 2056 conririo

1089 2099 1185 2164 ubsque
1195 2097 1419 2164 ignem-spargente
1428 2109 1513 2146 morsu
1525 2099 1564 2146 est
1575 2101 1660 2147 Amor.

1330 2246 1385 2294 209.
1411 2254 1552 2295 INGBR'H.

1056 2377 1092 2427 Tu
1103 2373 1146 2440 qni
1156 2368 1199 2426 bie
1209 2373 1302 2425 torrem
1310 2369 1409 2431 samaa.
1418 2371 1446 2420 ut
1455 2369 1573 2434 lychnum
1581 2369 1717 2432 accendas,

1086 2463 1136 2513 hac
1147 2460 1204 2514 real
1214 2462 1241 2512 et
1251 2458 1396 2522 meojanimo
1409 2455 1516 2508 monade
1528 2477 1535 2507 ι
1549 2460 1623 2508 totus
1633 2469 1703 2508 asor.

1334 2611 1389 2656 210.
1406 2606 1568 2656 Platonis.

1058 2722 1151 2769 Nemus
1164 2719 1247 2768 autem
1256 2720 1286 2766 ut
1299 2716 1445 2766 devenimus
1457 2714 1615 2774 umbrosam,
1628 2715 1766 2778 reperimus
1774 2716 1828 2766 intus

1056 2806 1185 2872 purpureis
1196 2806 1268 2856 malis
1276 2805 1382 2856 similem
1394 2817 1500 2868 puerum
1510 2803 1651 2867 cytheren.
1732 2803 1827 2869 [ascum.

1056 2894 1223 2946 Nonbabebat
1230 2892 1499 2956 emittentem-sagittas
1511 2891 1668 2954 pharetram,
1680 2905 1730 2940 nnn
1740 2906 1828 2943 carran

1057 2983 1102 3034 sed
1112 2996 1142 3034 ea
1154 2981 1254 3046 quidem
1266 2979 1396 3031 arboribus
1408 2979 1455 3030 sub
1471 2978 1591 3028 frondosis
1605 2979 1761 3043 pendebam

1057 3069 1110 3132 ipse
1119 3081 1178 3119 vero
1186 3069 1212 3118 in
1220 3065 1345 3130 ealyoibus
1356 3078 1469 3116 rosarum
1480 3065 1579 3114 unctus
1592 3077 1682 3114 somno

1057 3156 1195 3208 dormiebat
1206 3155 1302 3214 rideam
1315 3154 1391 3203 iutra
1404 3155 1486 3203 autem
1499 3165 1606 3216 superne
1619 3165 1680 3215 apes

1056 3244 1210 3296 cera-inlusi
1221 3240 1412 3306 mellisjucunda
1426 3254 1500 3304 super
1511 3239 1576 3290 labia
1586 3239 1733 3290 incedebant

1057 3332 1213 3398 [oreada]-

1032 3403 1036 3576 β
1265 3456 1320 3504 ιιι.
1337 3453 1499 3502 sarman
1514 3452 1638 3501 resecr.

1032 3599 1036 3738 γ
1288 3585 1433 3627 ΙιιΑιτιοτετιι
1444 3580 1607 3626 dormientem.

1057 3697 1171 3758 Dormis,
1182 3697 1268 3762 vigiles
1276 3696 1431 3760 qui-inducis
1442 3694 1588 3745 mortalibus
1599 3709 1689 3752 curas,

1363 3859 1422 3920 παρ’.
1441 3873 1550 3916 ser-ms,

1358 3935 1389 3988 de
1404 3935 1529 4005 Cupidine.

1057 4026 1123 4072 Heus
1134 4022 1215 4072 anima
1224 4021 1266 4089 qui
1275 4020 1349 4072 flante
1360 4035 1430 4087 paras
1443 4018 1574 4070 accendere
1587 4019 1689 4076 tradam

1091 4105 1155 4156 ilinc
1166 4105 1269 4155 accende
1279 4120 1288 4156 s
1299 4102 1358 4169 ignis
1369 4118 1427 4152 nam
1439 4116 1493 4152 mea
1507 4110 1558 4151 tota
1571 4101 1653 4152 anima
1666 4112 1713 4151 est.

1346 4211 1404 4245 ατο.
1420 4207 1554 4253 aurosis,

1036 4261 1039 4347 i
1191 4277 1222 4327 de
1237 4275 1355 4344 Cupidine
1369 4277 1394 4324 in
1408 4293 1502 4324 nemore
1516 4273 1664 4337 dormiente,
1682 4272 1713 4322 ab

1358 4357 1432 4412 ldais
1444 4361 1544 4408 invento.

1057 4447 1091 4494 Ut
1104 4453 1201 4494 ventum
1214 4443 1245 4493 ad
1258 4459 1342 4493 nemus
1350 4453 1410 4504 ¹est,
1422 4457 1525 4509 puerum
1540 4441 1709 4507 conspeximus
1720 4441 1768 4492 illic

1057 4529 1186 4595 Purpureis
1195 4528 1298 4578 similem
1307 4526 1389 4584 malis,
1400 4527 1430 4577 de
1441 4526 1544 4593 Cypride
1553 4534 1649 4580 namma

1057 4610 1111 4662 Nou
1121 4611 1158 4661 illi
1167 4627 1235 4660 arcus
1246 4619 1314 4672 erat,
1327 4626 1376 4660 non
1386 4619 1443 4677 apta
1454 4607 1569 4676 pharetra
1580 4608 1671 4673 sagittis
1685 4625 1693 4660 :

1057 4698 1168 4760 Namque
1180 4693 1232 4744 hee
1246 4692 1382 4743 isendiieris
1395 4693 1534 4760 pendebant
1546 4691 1627 4741 omnia
1640 4691 1727 4752 ramis;

1037 4799 1040 4856 γ
1058 4782 1112 4845 Ipse
1126 4793 1191 4828 rosas
1202 4778 1265 4827 in'ter
1274 4776 1399 4826 deuinctus
1411 4775 1519 4824 membra
1531 4789 1618 4841 sopore

1036 4865 1040 4982 γ
1058 4863 1126 4911 'Iliae
1134 4860 1207 4910 etiam
1217 4849 1321 4908 ridebat.
1334 4858 1397 4924 Apes
1408 4874 1481 4924 super
1491 4872 1534 4906 ore
1546 4856 1655 4906 sedentes

1037 4990 1040 4999 ,
1060 4942 1176 4992 Dulcibus
1185 4959 1199 4992 e
1209 4941 1283 4992 labris
1292 4940 1422 5006 fragrantia
1433 4940 1506 4990 mella
1518 4937 1638 5004 legebant.

1038 5052 1040 5071 ι
1298 5039 1357 5075 arr.
1374 5038 1483 5072 εαιεισιτ
1500 5037 1603 5084 raaces,

1038 5091 1041 5161 l
1290 5105 1320 5156 de
1337 5103 1454 5173 cupidine
1467 5104 1608 5154 dormiente.

1037 5173 1040 5187 ¹
1059 5187 1164 5255 Dormis,
1179 5188 1298 5255 pervigilis
1310 5203 1373 5239 cursa
1387 5185 1528 5238 mortalibus
1544 5195 1637 5243 auctor,
