3746 5910
610 466 649 526 IN
671 466 795 526 CAPUT
816 467 856 526 lli
877 466 1106 528 ΑΝΝΟΤΑΤΙΟ.

55 596 112 653 δίνην
131 599 264 660 λουομένην
275 599 300 648 ὰν
312 597 440 662 Βυζαντίῳ.
456 617 467 640 ν
486 598 559 656 Quod
572 598 615 648 vix
624 611 712 650 verimi
728 611 783 649 esse
794 613 839 662 pu-

54 667 164 717 luserim.
180 671 254 720 cont.
268 669 300 718 ad
313 682 352 732 ep.
364 675 420 723 323.
433 670 559 720 Seutcmia
569 669 653 734 parilis
662 683 701 734 ep.
716 675 771 722 331).
784 689 796 712 ν
809 671 839 718 lt.

53 737 119 788 ilsud
132 737 214 790 dubie
230 739 354 791 lemmatis
370 740 503 804 scriptore
516 745 598 792 mente
610 743 691 805 poete
704 739 839 791 aberravit.

53 833 81 844 --
98 813 112 856 2
129 811 190 871 πρὶν
218 808 254 860 ἐπ’
269 809 408 874 Ἀλεξάνδρῳ
422 809 463 860 ed.
483 811 560 874 princ·
584 810 660 869 Flor.;
686 809 841 872 ίντιοιρπαμένη

52 876 120 938 θοὰ,
140 879 190 928 sed
209 892 291 944 apogr.
316 882 371 931 Par.
382 884 481 944 υσαρπ,
495 884 525 931 ut
542 882 611 932 Plan.
627 908 656 920 ·-
669 886 693 931 l.
716 879 840 942 Ἴναχον,

51 947 134 998 uacui
154 949 243 1010 uum,
264 949 343 1014 Argis,
367 949 426 1001 sede
444 953 562 1014 lunonis,
576 952 643 1004 unde
666 951 698 1002 ud
717 953 841 1000 certamen

51 1017 162 1080 protecta
176 1022 239 1070 erat.
255 1050 286 1061 -
300 1027 315 1070 ο
331 1021 422 1085 βοώοη,
432 1024 458 1072 et
467 1033 537 1070 versu
548 1031 563 1073 a
573 1024 648 1088 παρίη
663 1021 726 1073 θοὰ.

78 1165 178 1216 DGXX.
204 1185 217 1208 r
240 1164 333 1216 Lau'nis
347 1165 461 1215 versibus
474 1164 599 1217 redditum
617 1166 642 1216 iu
664 1166 749 1231 Caugii
770 1168 841 1232 cpoli

51 1237 178 1300 νοτίοιο,
195 1244 234 1300 27,
244 1249 268 1301 p.
284 1241 324 1298 sl,
339 1236 355 1301 §
370 1244 409 1287 21.
426 1257 438 1281 ν
449 1241 480 1288 n.
494 1257 506 1282 ν
518 1237 610 1290 lisdem
620 1239 766 1303 plerumque
783 1239 837 1290 bal'-

50 1309 98 1360 ueta
112 1312 142 1359 et
153 1308 226 1359 rlros
235 1311 261 1360 et
274 1307 390 1358 mutieres
401 1321 461 1359 usas
474 1307 551 1360 luisse
559 1312 703 1372 apparatas
717 1310 842 1362 Clemente

50 1388 84 1432 11.
97 1383 186 1434 Ρτοίτ.
199 1384 243 1444 111,
253 1389 277 1441 5,
287 1395 311 1444 p.
324 1384 377 1441 271,
391 1380 432 1430 ubi
442 1381 475 1431 de
484 1379 672 1444 intemperantia
680 1384 843 1445 utrorumque

50 1452 157 1516 grauiter
173 1451 344 1515 conqueritur.
360 1452 414 1500 lion
429 1452 536 1502 multum
549 1452 634 1515 itaque
647 1450 765 1502 Hadriani
784 1453 839 1512 lex,

49 1535 102 1586 qus:
130 1523 247 1572 λούεσθαι
273 1524 343 1587 χωρίς
376 1523 482 1580 ἀλλήλων
510 1523 650 1586 προσέταξεν
677 1523 739 1584 (Dio
770 1525 839 1573 cass.

51 1596 138 1656 lxix,
156 1595 188 1657 8)
204 1594 312 1644 valuisse
325 1592 427 1645 ridetur
440 1593 473 1644 ad
481 1592 615 1644 tollendam
629 1592 696 1643 illata
707 1597 840 1643 consuetu·

49 1663 139 1714 dinem.
158 1687 172 1708 ν
187 1669 245 1716 luc.
258 1690 285 1700 -
296 1671 309 1715 2
319 1665 372 1729 ἦρξε
383 1660 444 1714 θοὰ.

78 1804 193 1853 ucxxl.
205 1803 323 1854 Balneum
342 1803 461 1866 loquitur,
473 1801 554 1853 omnis
572 1800 667 1852 ordinis
679 1799 795 1852 mulieres
810 1800 842 1852 ad

49 1887 74 1924 se
88 1873 204 1924 inritans
217 1876 243 1924 et
256 1873 465 1938 pulchritudinem
476 1886 503 1924 se
511 1872 560 1924 illis
568 1877 699 1923 aucturum
713 1872 840 1936 pollicens.

49 1973 79 1983 -·
91 1954 105 1996 2
115 1947 255 2008 τευξόμενοι
274 1945 336 1996 θοὰ.
353 1945 424 2004 Quod
441 1944 473 1996 ad
484 1945 555 2002 πίθος
570 1943 754 2009 supplendum:
769 1944 842 2002 πόθος

49 2017 100 2067 sul.
122 2023 171 2067 τοῦ
193 2022 272 2082 τυχιίν
290 2017 388 2073 κάλλους
408 2018 517 2078 μείζονος.
536 2020 617 2075 Quam
634 2029 722 2066 vocem
743 2015 843 2065 Grotius

46 2101 181 2150 perperam
197 2087 292 2152 accepit
305 2101 379 2138 seusu
389 2087 511 2139 absoluto.
523 2119 554 2131 -
568 2092 592 2138 t.
605 2086 677 2136 coni.
692 2086 721 2137 ll.
737 2089 842 2144 ll‚178.

48 2166 110 2208 -5,
123 2177 136 2200 ο
156 2160 249 2221 ‘maes
311 2159 441 2223 προθύροις.
456 2157 528 2208 Cous.
544 2159 586 2220 vl,
602 2170 640 2221 ep.
659 2155 723 2218 1,(111
735 2153 816 2205 Laide
830 2173 842 2198 ν

51 2230 78 2276 B.
96 2233 158 2277 -6
176 2229 226 2287 ἡξει
235 2227 296 2278 cod.

77 2372 208 2422 Domi.
225 2389 239 2414 ι
259 2369 425 2421 memsam
443 2369 559 2420 camninis
581 2369 701 2428 imitati03
716 2367 762 2418 uisi
781 2367 843 2419 torta

47 2441 102 2492 trec
113 2441 212 2492 iisdem
228 2441 332 2492 tlrermis
347 2441 464 2505 iuscripta
484 2441 593 2491 luerunt.
609 2467 641 2478 —
657 2448 666 2490 l
683 2443 709 2490 et
723 2445 737 2490 3
753 2439 799 2488 τίτέ
815 2455 843 2488 σι

47 2512 108 2562 θοὰ.
117 2540 153 2554 -
166 2519 184 2564 ts
196 2515 259 2578 liin
267 2513 329 2564 θοὰ.
341 2512 399 2564 scil.
413 2511 505 2575 μισθόν,
516 2525 547 2562 ex
560 2525 620 2562 voce
636 2511 790 2574 μισνορὸρους
801 2522 843 2558 as·

48 2584 212 2635 sumendum.
228 2606 241 2630 ν
251 2589 310 2636 tac.
402 2576 407 2592 '
709 2631 712 2635 .

78 2729 219 2778 ncxxlll.
246 2727 343 2790 Κύπρου
366 2725 391 2775 in
410 2725 471 2775 θοὰ.
492 2737 537 2788 μου
561 2725 649 2787 Κύρου.
666 2725 734 2774 Plan.
757 2727 843 2788 ίίυροῡ.

49 2800 153 2848 lemma
165 2797 192 2846 in
205 2799 241 2846 S:
257 2799 289 2853 τίς
302 2797 398 2859 λουτρὸν
408 2795 531 2858 εὔμορφον.
542 2797 603 2844 Erat
617 2793 770 2844 hauddubie
784 2808 841 2859 pro·

48 2867 130 2930 prium
148 2880 243 2918 nomen
257 2866 332 2930 hujus
352 2865 441 2916 bunei.
460 2892 491 2902 —-
513 2873 534 2915 2.
556 2865 639 2928 Χάριν,
661 2864 764 2928 gratiam
786 2865 842 2916 loci.

49 2939 121 2988 cont.
138 2951 182 3002 ep.
193 2941 248 2988 ⁶07.

79 3049 220 3098 mxxiv,
240 3066 252 3089 ι
266 3045 423 3110 Epigramma
437 3044 544 3108 (langius
564 3043 634 3106 cpoli
647 3042 738 3093 Christ.
757 3045 782 3104 1,
803 3047 843 3105 21,

48 3132 73 3181 p.
89 3123 132 3178 91,
147 3118 165 3182 §
178 3122 218 3180 31,
233 3115 265 3167 ad
277 3115 340 3167 illud
353 3115 468 3166 bdueum
480 3113 634 3178 refertquorl
647 3112 761 3164 laudarit
769 3127 844 3177 supra

49 3189 172 3240 leontium
188 3202 228 3252 ep.
239 3191 296 3250 cit,
307 3201 337 3238 ac
354 3187 484 3238 metricam
497 3185 598 3250 apponit
608 3184 758 3236 versionem.
784 3205 796 3228 ν
810 3187 842 3234 B.

50 3285 80 3294 -
92 3266 107 3309 2
122 3261 209 3309 οὕνεκα
217 3258 286 3308 Plan.
298 3258 452 3308 contendere
461 3255 541 3307 noluit
549 3269 607 3305 cum
616 3255 738 3318 Zeuxippo
747 3253 842 3304 balneo.

50 3356 80 3364 -
95 3335 112 3379 3
128 3330 206 3380 ἑιιεῑνο
220 3327 284 3379 (lod.
298 3356 329 3369 -
340 3331 364 3380 lt.
384 3327 506 3393 «Χάριτας
522 3325 630 3390 intelligo
644 3324 676 3376 de
688 3324 801 3374 omnibus
815 3324 844 3375 iis

50 3402 143 3462 rebus,
158 3413 218 3464 qrrea
235 3398 268 3450 ad
284 3399 370 3450 lurum
393 3399 494 3449 iaciunt.
514 3398 554 3448 Sic
568 3397 693 3448 Lucienus
711 3395 736 3444 in
759 3395 845 3446 balneo

49 3471 149 3535 {lippiae
163 3473 342 3520 commemorat
353 3470 375 3526 ίς
383 3471 468 3533 τρυρὴν
479 3469 692 3533 παρεσκευασμένα
710 3469 843 3530 οἰκήματα,

50 3543 181 3604 χαριὲσσας
194 3541 372 3606 ὑποχωρήσεις,
386 3544 433 3590 etc.
453 3560 465 3584 ν
479 3543 540 3591 Iac.

81 3685 202 3734 Dcxxv.
238 3685 340 3734 1131111113
356 3703 363 3731 ι
381 3684 418 3738 είς·
436 3683 513 3745 ἕτερον
533 3683 628 3746 λουτρὸν
650 3683 673 3730 iu
692 3681 782 3744 Λυκίιμ.
806 3680 846 3729 Sic

49 3769 139 3820 apogr.
152 3758 209 3805 Par.
220 3757 246 3806 et
256 3756 325 3805 Plan.
343 3753 391 3804 Sed
403 3754 493 3806 lineola
503 3773 523 3803 ω
535 3753 680 3804 iudicansin
693 3751 785 3801 Codice
796 3764 845 3800 uon

49 3831 132 3887 recte,
153 3825 198 3878 sed
211 3839 227 3876 a
239 3825 320 3889 capite
331 3828 434 3875 curvata
447 3828 487 3874 est
503 3827 511 3882 l
518 3825 616 3887 qualern
634 3823 731 3886 elingit
741 3823 815 3874 salin.
826 3820 844 3885 )‚

49 3910 133 3960 quare
144 3897 240 3946 Paulss.
256 3895 354 3952 Λυκίοις
369 3895 435 3959 legit.
452 3895 558 3946 ancl.
570 3895 594 3944 tv
604 3895 693 3957 Λυκίᾳ.
708 3893 772 3942 llale
786 3894 844 3942 Bro-

49 3969 127 4016 rlaeus
140 3969 162 4016 br
174 3967 279 4030 Λυκείῳ.
299 3964 394 4015 Laudat
414 3969 443 4014 ut
460 3963 581 4016 Naiadum
594 3968 621 4015 et
633 3964 773 4014 Gratiarum
791 3963 844 4012 bal·

47 4051 131 4088 neum
142 4040 296 4088 consuetum.
310 4063 343 4074 -
359 4038 490 4099 1πυ1υρὸς
507 4036 580 4096 θοὰ,
592 4032 738 4087 adversante
756 4038 843 4084 uietro.

49 4114 110 4159 -3
127 4111 163 4157 ἐπὶ
174 4111 276 4172 χεύμασι
296 4109 364 4158 Plan.
379 4109 485 4170 -413ῃ
499 4107 567 4158 Plan.
581 4115 646 4159 -5,
664 4126 675 4150 a
696 4109 748 4155 Ουοι
761 4107 844 4154 ἐθέλων

48 4193 198 4243 expressum
213 4191 228 4230 e
242 4178 394 4230 Callimacho
415 4181 517 4233 Laracr.
537 4179 598 4230 Pali.
619 4182 657 4229 73.
672 4178 710 4227 Ad
720 4176 846 4238 semieutio

48 4252 135 4302 rerba
145 4250 245 4300 llomeri
256 4251 285 4308 ll.
300 4254 328 4312 l',
342 4255 396 4312 131,
411 4251 603 4314 resperitetiam
610 4251 744 4300 Pausanias
757 4252 844 4310 Χ,32;

49 4324 79 4371 τὸ
89 4323 149 4378 Erro:
157 4321 196 4370 oia
207 4323 327 4378 ἀληθεύειν
337 4321 400 4371 ἔοικε
408 4323 435 4372 τὸ
446 4323 560 4386 Ὀμήρου,
570 4322 613 4370 σὺν
624 4322 698 4370 οὐδενὶ
711 4321 783 4382 αἰσίῳ
793 4321 846 4376 τοὺς

50 4393 124 4449 θεοὺς
135 4399 167 4458 τῷ
177 4396 237 4452 γένει
247 4399 295 4442 τῶν
308 4393 439 4456 ἀνθρώπων
452 4394 555 4456 ἐναργῶς
564 4394 672 4458 ὁρᾶσθαι.
684 4410 696 4433 ν
708 4393 766 4441 Juc.

85 4531 222 4581 »cxxvi
237 4531 317 4582 Etiam
339 4529 365 4580 in
387 4533 404 4580 S
426 4529 538 4580 lemma:
562 4532 594 4585 εἰς
606 4530 702 4592 λουτρὸν
721 4529 847 4592 λεγόμενον

51 4602 162 4663 Ἔρωτα.
177 4631 207 4642 -
220 4609 234 4653 2
245 4601 353 4666 λαμπάσι
366 4602 390 4650 S.
404 4599 556 4650 «simillime
573 4599 694 4664 liegiaws
707 4600 733 4649 ill
748 4599 846 4649 Anthol.

50 4673 114 4721 Lat.
135 4673 179 4734 lll,
189 4677 228 4736 23,
243 4674 275 4725 ὰε
287 4671 353 4737 Baiis
365 4672 424 4722 olim
433 4671 529 4736 gelidis.
549 4697 581 4707 —
600 4673 614 4721 3
633 4671 764 4734 ἀμὸροσίου
778 4675 802 4720 S.
818 4700 848 4712 -

50 4747 79 4793 1.
96 4745 184 4804 nauem
198 4747 247 4808 ίαρ,
262 4744 366 4795 odorem
380 4745 577 4802 ιοοοίοοίοτνοι,
593 4741 637 4806 qui
652 4745 692 4791 est
713 4743 849 4793 translatus

51 4827 115 4862 roc.
137 4817 255 4878 ίσροοοο.
271 4815 351 4866 Plinio
371 4817 486 4866 nements
510 4817 541 4864 ll.
569 4817 598 4864 ll.
615 4816 703 4876 xxxi,
716 4817 740 4874 3,
762 4815 787 4878 §,
808 4822 847 4875 22,

52 4899 135 4935 unus
149 4890 175 4936 la
188 4890 243 4938 toto
255 4889 317 4938 orbe
328 4888 448 4939 traditur
462 4887 523 4952 sous
538 4899 615 4950 uque
623 4885 747 4946 jucunde
756 4887 850 4936 οίονιίίο

53 4959 88 5006 irc
98 4957 298 5021 Mesopotamia,
311 4957 447 5010 Chabura.
459 4959 566 5010 Fabula
574 4959 706 5008 rationem
717 4957 848 5021 assereret,

52 5029 186 5088 posonium
209 5034 323 5082 eoJuuo
352 5029 465 5093 perfusa
480 5029 524 5090 stt,
550 5031 640 5094 apost
668 5029 767 5092 nuptias
793 5043 850 5078 cum

52 5099 128 5147 Jove
138 5121 158 5158 ν,
172 5099 238 5152 addit
250 5102 338 5152 AElian.
348 5105 378 5152 N.
394 5107 421 5150 1.
433 5103 490 5162 xil,
509 5109 547 5152 33.
564 5120 576 5145 ν
590 5102 647 5150 Jcc.

94 5242 235 5294 ncnivn.
253 5244 393 5295 Eemudem
403 5245 556 5294 thermarum
567 5243 685 5307 originem
699 5243 747 5293 alia
757 5241 850 5293 ratione

57 5311 259 5378 explieatpoeto.
274 5343 305 5352 -
333 5323 341 5366 1
364 5317 432 5366 τᾶσδ’
459 5316 537 5374 Plau.;
559 5317 699 5378 τετυμμένος
720 5313 781 5366 θοὰ.
798 5313 850 5378 (sic

1614 475 1673 534 235

886 599 961 649 samm
975 599 1060 662 Salm.‚
1084 599 1174 651 iterum
1196 606 1332 665 τετρυμμ.),
1346 602 1413 665 quod
1435 603 1562 656 micam
1585 605 1674 666 Boias,

885 685 986 734 quuma
997 673 1118 722 Bruaclio
1130 673 1186 725 inde
1200 674 1323 737 legeretur
1337 676 1610 742 τειρομμ1·νος,[οοιιιτ,
1622 697 1634 721 ι
1647 681 1677 727 ut

886 742 998 793 Tibullus
1015 745 1034 802 l,
1059 743 1091 794 el.
1113 748 1137 804 3,
1158 750 1188 796 33
1207 766 1213 795 :
1232 743 1325 809 puella
1344 745 1481 808 paulatim
1497 759 1588 797 somno
1605 747 1676 811 sesso

886 815 996 863 rerrritttt
1007 827 1082 878 epus.
1096 815 1206 864 Verbum
1218 816 1359 876 τετυμμένος
1372 829 1430 865 cum
1446 820 1531 880 ἁπαλῷ
1544 831 1594 868 uon
1610 819 1674 869 bene

887 883 952 933 coire
965 883 1071 934 ridetur.
1090 888 1116 934 lu
1129 884 1221 936 talibus
1230 885 1329 948 quidem
1342 898 1390 935 nou
1405 885 1465 936 sads
1476 886 1606 950 diligentes
1621 890 1676 940 iuc-

887 955 945 1003 runt
958 953 1079 1016 sequioris
1094 955 1177 1004 etatis
1191 957 1281 1017 poeta,
1297 965 1360 1016 quos
1374 953 1492 1004 orationis
1514 957 1638 1008 variandae
1651 961 1677 1009 et

841 1079 845 1089 ¹
887 1024 919 1074 ab
932 1027 1031 1088 recepto
1049 1025 1097 1075 usu
1111 1024 1265 1075 abducenda
1279 1023 1390 1074 studium
1403 1037 1471 1088 saepe
1485 1027 1510 1076 in
1522 1041 1619 1080 errores
1633 1029 1675 1080 ab·

887 1094 968 1145 duxit.
983 1097 1036 1145 tloc
1048 1095 1150 1158 quidem
1169 1095 1223 1145 loco
1241 1093 1374 1154 Marianus,
1391 1094 1412 1143 si
1430 1096 1544 1148 meliores
1555 1103 1627 1164 poeta
1636 1113 1676 1152 se·

887 1165 929 1228 qui
937 1179 1084 1229 quamuora
1096 1165 1189 1230 tingere
1203 1165 1339 1225 maluisset,
1351 1165 1458 1216 scribere
1466 1169 1578 1230 poterat:
1592 1171 1677 1234 ἁπαλῷ

886 1237 1027 1299 δεδμημένος
1041 1239 1118 1302 ὕπνῳ,
1138 1239 1168 1287 ut
1186 1237 1301 1290 Ηοι11.11.
1318 1237 1349 1297 Κ,
1362 1242 1376 1286 2
1392 1255 1399 1284 τ
1421 1239 1521 1302 μαλακῷ
1534 1238 1677 1303 δεδμημένοι

887 1307 963 1370 ὕπνῳ.
980 1305 1048 1357 Plan.
1064 1307 1229 1367 πεπεδημένος.
1241 1333 1272 1343 -
1287 1315 1301 1356 3
1315 1306 1340 1356 di
1352 1305 1493 1357 reiaeccii.
1509 1310 1588 1372 Juuge
1599 1312 1677 1372 τούτῳ

887 1379 963 1440 ὁμοῦ,
977 1378 1058 1429 simul
1072 1392 1133 1430 cum
1143 1378 1194 1428 tuuc
1205 1378 1273 1442 sace.
1292 1403 1316 1414 -·
1337 1385 1351 1428 6
1364 1377 1521 1444 λωτροχευσιν
1536 1381 1608 1436 θοὰς
1623 1383 1678 1444 tpar-

888 1451 949 1506 τίδις
967 1451 1092 1500 nonnullae
1107 1449 1163 1500 edd.
1182 1450 1249 1499 Plan.
1263 1447 1408 1498 Deriratum
1422 1461 1438 1498 a
1452 1451 1550 1502 nornine
1567 1452 1677 1502 therma·

888 1531 944 1569 rum
960 1522 1045 1584 Ἔρως.
1070 1524 1158 1572 alec.
1186 1517 1356 1570 Conterendus
1383 1518 1532 1584 Crinagoras
1555 1523 1612 1582 vll,
1636 1535 1676 1584 ep.

887 1597 941 1641 uns.

919 1732 1080 1782 Dcltlllllll.
1099 1730 1223 1782 -coder
1233 1735 1273 1782 ter
1282 1732 1398 1782 ouiissisr
1414 1731 1554 1795 adscripu's.
1567 1751 1578 1774 ν
1591 1733 1677 1789 Ἵππος

888 1805 940 1866 ipsa
951 1815 1015 1865 aqua
1024 1805 1076 1861 est;
1087 1805 1182 1868 χαντὸν
1196 1805 1280 1852 autem
1294 1801 1402 1866 intellige
1420 1802 1527 1866 parietes
1535 1816 1596 1852 auro
1609 1817 1678 1852 coru·

888 1887 959 1934 scos,
974 1873 1132 1936 radiumque,
1156 1873 1248 1936 quibus
1259 1873 1374 1924 balneum
1389 1872 1454 1924 illud
1467 1873 1677 1932 circumdabatur,

888 1943 1051 2007 splendorem,
1073 1958 1123 2008 quo
1144 1944 1214 2004 illud,
1230 1959 1275 2009 per
1297 1945 1396 2008 longum
1416 1948 1515 2008 tempus
1538 1944 1677 2008 neglectum

889 2015 985 2080 (χρονίῃ
1002 2016 1098 2079 μάστιγι
1111 2017 1213 2079 δαμέντα
1221 2020 1238 2077 l,
1257 2015 1338 2066 ὰοιιοο
1356 2029 1487 2079 exsurgere
1511 2015 1649 2065 videbatur.
1665 2035 1677 2059 ν

887 2091 945 2138 luc.

919 2226 1048 2274 Dcxlllx.
1065 2226 1181 2274 Lemma:
1196 2225 1228 2279 τίς
1240 2223 1317 2286 ίτιρον
1330 2223 1426 2282 λουτρὸν
1435 2223 1491 2286 ίχον
1504 2223 1626 2288 Πίνδαρον.
1638 2223 1679 2274 Sic

888 2308 928 2357 ap.
941 2298 1004 2355 Jac.;
1016 2293 1060 2345 sed
1071 2296 1196 2358 postrerm
1209 2293 1285 2344 rerba
1299 2294 1349 2344 duo
1363 2294 1404 2343 litc
1414 2306 1461 2342 nou
1474 2294 1583 2357 agnoscit
1598 2294 1678 2345 Boias.

888 2369 981 2416 lienum
990 2366 1080 2432 legitur
1092 2367 1149 2430 post
1157 2379 1196 2428 ep.
1209 2370 1264 2426 330,
1281 2378 1339 2415 cum
1354 2364 1402 2414 troc
1415 2365 1530 2415 lemmate
1545 2383 1552 2414 τ
1566 2363 1678 2416 Ἰωάννου

887 2441 987 2494 ποιητοῦ
1000 2442 1042 2485 τοῦ
1053 2435 1218 2499 Βαρὰουιιοὶλου
1236 2437 1267 2492 τίς
1282 2436 1377 2496 λουτρὸν
1392 2437 1446 2500 ίχον
1461 2435 1586 2497 Πίνδαρον.
1600 2455 1611 2479 ν
1625 2437 1679 2484 Non
1765 2439 1767 2444 ’

889 2508 935 2558 luit
945 2508 987 2557 bic
1003 2507 1103 2559 Pindari
1116 2510 1213 2568 statua,
1227 2510 1257 2556 ut
1271 2519 1317 2557 nec
1331 2506 1435 2556 Veneris
1445 2506 1472 2556 in
1483 2505 1531 2556 alio
1540 2507 1628 2557 balneo
1637 2519 1677 2570 ep.

889 2581 943 2629 319.
956 2581 994 2628 lle
1007 2578 1054 2628 boc
1068 2578 1144 2644 epigr.
1162 2577 1218 2627 vide
1240 2575 1364 2628 cbardon.
1389 2577 1465 2627 lioclr.
1489 2577 1593 2628 Miscell.
1613 2581 1633 2628 t.
1656 2579 1677 2637 Ι,

888 2663 914 2713 p.
925 2653 979 2699 232.
994 2670 1006 2693 ν
1020 2651 1051 2698 B.
1065 2676 1094 2686 -
1108 2657 1117 2700 l
1134 2651 1186 2699 atti
1196 2665 1224 2698 σε
1238 2647 1302 2697 cod.
1330 2679 1333 2686 ·

920 2801 1040 2850 Dellllll.
1062 2819 1074 2844 ι
1089 2798 1184 2850 Latmia
1205 2797 1319 2848 versibus
1330 2796 1454 2847 redditum
1471 2797 1497 2847 in
1511 2796 1599 2861 cangii
1609 2796 1680 2860 Gpoli

889 2872 980 2922 Christ.
992 2875 1014 2932 1,
1033 2875 1072 2932 27,
1092 2885 1116 2934 p.
1134 2873 1174 2931 sl,
1190 2869 1206 2934 §
1223 2875 1262 2921 2ο,
1282 2890 1294 2912 ν
1313 2870 1345 2918 B.
1371 2866 1499 2932 Ducangio
1519 2866 1617 2919 aliunde
1631 2882 1681 2918 nan

888 2943 1048 2994 innotuerunt
1064 2943 1104 2992 bre
1120 2943 1196 3005 rupim
1215 2941 1334 3000 thermae,
1355 2943 1384 2990 ut
1406 2951 1422 2988 a
1442 2938 1623 3003 magnificentia
1636 2942 1681 2990 aut

889 3015 1031 3078 praestantia
1055 3014 1102 3064 boc
1125 3025 1215 3062 nomen
1236 3010 1268 3061 iis
1287 3010 1394 3062 inditum
1412 3010 1488 3060 tuisse
1508 3009 1631 3061 rideatur.
1649 3037 1680 3048 -

893 3095 899 3132 ι
916 3085 965 3136 τὰδ’
981 3086 1053 3146 θοὰ,
1065 3088 1095 3134 ut
1109 3083 1172 3134 solet
1190 3085 1247 3133 ante
1265 3081 1450 3146 apostrophum.
1464 3084 1679 3132 -5ποτι1τύττοιι

890 3156 951 3206 θοὰ.
962 3159 988 3207 et
996 3157 1075 3216 Plau..
1086 3169 1149 3205 corr.
1162 3154 1267 3204 Bnrncl.
1278 3152 1373 3204 Deinde
1382 3153 1526 3216 ᾰμριλόιτρα
1540 3165 1590 3202 sec.
1602 3153 1679 3203 satm.

890 3225 927 3276 aid
943 3230 1035 3292 ψυχροῦ
1049 3225 1127 3276 schol.
1147 3222 1247 3275 wecil:
1260 3223 1393 3286 εὑρίσκεται
1406 3224 1445 3271 καὶ
1459 3223 1586 3286 ψυχρόν.

920 3369 1048 3418 mcxxxi.
1070 3387 1080 3410 ν
1092 3366 1245 3416 lulemmate
1258 3364 1319 3415 eod.
1334 3365 1502 3426 ὰγαμτμνόνια.
1520 3364 1619 3414 pretuli
1626 3364 1680 3415 Pla·

889 3440 995 3491 nudeam
1010 3438 1164 3502 scripturam.
1180 3437 1341 3488 Thermamm
1357 3435 1475 3485 harumce
1492 3433 1607 3485 meminit
1619 3435 1678 3484 Plri-

889 3511 1009 3562 lcstrstus
1023 3509 1121 3560 lleroic.
1139 3512 1175 3568 13,
1196 3522 1221 3571 p.
1232 3511 1261 3558 st
1279 3507 1340 3570 (331
1357 3506 1395 3556 Ol.
1405 3503 1422 3568 ),
1444 3504 1487 3556 ubi
1502 3504 1614 3556 rideatur
1625 3517 1681 3554 mea

888 3585 948 3634 nota
958 3596 984 3647 p.
994 3586 1050 3634 tal.
1065 3578 1133 3631 Adde
1145 3577 1277 3628 Obandler.
1289 3577 1346 3628 ltin.
1362 3579 1381 3626 t.
1398 3577 1419 3637 l,
1431 3589 1453 3625 c.
1468 3579 1507 3636 23,
1520 3587 1545 3637 p.
1559 3581 1612 3627 133.
1625 3595 1636 3620 ν
1647 3575 1679 3625 Β.

888 3681 920 3694 -
933 3659 944 3705 1
965 3655 1087 3717 μολοῠνττς
1103 3650 1175 3711 θοὰ,
1191 3649 1260 3713 quod
1273 3648 1350 3698 sous.
1373 3647 1515 3697 reducebat.
1530 3672 1560 3682 -
1579 3653 1601 3696 2.
1615 3647 1680 3704 Ἐξι-

889 3728 994 3788 1οὶ3οντο,
1015 3722 1133 3774 oblirioni
1149 3720 1248 3781 dabant,
1274 3731 1354 3782 neque
1381 3716 1486 3781 amplius
1507 3716 1681 3769 desiderabant

889 3795 963 3860 op'em
976 3805 1192 3859 supervacaneam.
1208 3815 1239 3826 -
1249 3794 1273 3840 3.
1288 3791 1399 3854 Pugnam
1412 3802 1469 3838 cum
1483 3787 1573 3852 Mysis,
1587 3788 1619 3838 de
1631 3801 1681 3851 qua

889 3867 1005 3918 Philostr.
1019 3866 1038 3916 ί.
1058 3879 1082 3916 o.
1096 3891 1128 3901 -
1142 3867 1167 3914 ί.
1186 3881 1198 3906 τ
1224 3862 1271 3917 'lic
1287 3863 1332 3911 sut
1343 3860 1413 3910 sirus
1430 3859 1523 3909 dicitur
1540 3859 1566 3909 iu
1579 3858 1680 3910 vulnera

890 3939 1031 3998 caucetum,
1052 3937 1097 3987 sut
1114 3947 1199 3999 erugo
1218 3932 1286 3996 terri,
1312 3931 1457 3982 vulneribus
1471 3930 1578 3981 maxime
1599 3930 1679 3993 pemi-

889 4011 963 4060 ciosa.
977 4029 991 4056 ν
1004 4013 1062 4060 lue.
1075 4035 1106 4044 -
1122 4014 1135 4057 5
1151 4003 1295 4070 ὀρηρηρίρος
1307 4001 1370 4053 θοὰ.
1387 4003 1466 4065 lapsu.

921 4161 1065 4210 Dcxxllll.
1084 4161 1113 4208 ln
1132 4159 1216 4208 lerum.
1235 4157 1311 4214 ἄδηλα
1330 4168 1374 4218 pro
1392 4155 1485 4211 ἄδηλον.
1504 4155 1605 4202 Lemma
1618 4155 1654 4202 liS
1673 4173 1679 4203 :

890 4235 977 4291 ἄδηλον
989 4235 1021 4288 είς
1035 4232 1107 4294 θέρμα
1119 4228 1193 4291 (sie).
1208 4256 1239 4268 -
1257 4231 1271 4276 2
1283 4225 1332 4275 ἔστ’
1346 4226 1374 4274 ds
1384 4226 1421 4274 lis
1432 4225 1458 4273 ei
1469 4221 1534 4275 alius
1548 4222 1603 4272 cod.
1621 4225 1680 4287 fleg.

890 4319 915 4352 u.
936 4307 1004 4353 1773.
1029 4297 1168 4364 Legebatur
1188 4297 1244 4347 οὔτ’.
1262 4299 1299 4346 RS
1318 4295 1428 4360 περιξείη.
1448 4323 1478 4334 -
1509 4297 1523 4342 t
1544 4295 1682 4358 περιθαλτιὲς

890 4379 941 4437 Rs,
956 4373 1058 4440 ἐριιίεται
1074 4371 1135 4421 cod.
1152 4384 1202 4422 sce.
1217 4369 1291 4420 Salm.

922 4521 1080 4572 mcxxxiii.
1093 4524 1144 4567 ὲ-1
1160 4517 1268 4568 radcard
1282 4517 1376 4582 λοιτρὸν
1391 4515 1462 4576 θοὰς
1482 4517 1579 4579 λουτρὸν
1596 4515 1675 4573 Plsu.·,

891 4601 960 4646 τοῦτο
986 4592 1078 4656 λοετρὸν
1101 4589 1244 4640 Salmasius.
1266 4615 1297 4626 -
1317 4595 1331 4639 2
1350 4590 1390 4638 τὸν
1410 4605 1447 4652 χρ.
1462 4587 1523 4637 cod.
1547 4615 1577 4626 -
1600 4592 1680 4650 3scq.

894 4691 905 4712 ν
921 4667 1060 4718 Obscurruu
1076 4665 1231 4722 crumenat,
1248 4663 1277 4711 ut
1290 4661 1351 4711 mihi
1367 4661 1467 4725 quidem
1489 4657 1597 4718 ridetur,
1620 4655 1679 4707 sub·

892 4736 1064 4789 absurdum.»
1080 4736 1139 4782 luc.
1160 4734 1212 4780 lion
1229 4731 1337 4781 absurda
1361 4731 1481 4782 breuitate
1499 4729 1590 4779 dicitur
1607 4729 1681 4791 κρίσις

893 4811 942 4858 ἐστὶ
963 4807 1035 4868 Πάρις
1051 4803 1125 4867 judex
1140 4803 1172 4853 ab
1185 4803 1233 4852 illis
1245 4802 1389 4863 advocatus,
1401 4816 1445 4866 pro
1460 4803 1497 4850 ἐπὶ
1510 4801 1592 4863 Πάριδι
1608 4798 1680 4859 ἐστίν,

894 4879 938 4930 seri
952 4879 1027 4930 nimia
1039 4879 1093 4941 ipsa
1108 4878 1178 4926 εἰκὼν
1192 4875 1221 4925 ut
1235 4875 1309 4938 κρίσις
1323 4879 1394 4938 τριῶν
1411 4878 1514 4938 popam.
1529 4875 1585 4922 -l
1600 4873 1681 4919 ε’νιωο

894 4948 955 5000 θοὰ.
970 4948 1081 5000 enotavit
1092 4949 1176 5008 Salm.;
1191 4947 1308 5010 ἀργυρέοις
1318 4945 1384 4994 Plan.

925 5095 1074 5144 DOlllleV.
1090 5111 1102 5136 ο
1116 5094 1153 5140 De
1166 5089 1253 5139 balneo
1262 5088 1313 5138 sole
1327 5088 1477 5149 collustrato,
1491 5085 1558 5149 quod
1572 5085 1680 5148 inprimis

894 5166 1035 5224 laudabant,
1048 5163 1177 5213 btuttcrta
1190 5163 1307 5210 vocantes
1317 5158 1403 5208 balnea
1414 5171 1470 5220 qrrae
1482 5170 1531 5207 uon
1547 5156 1581 5206 ita
1593 5157 1679 5218 aptata

894 5241 989 5297 esseut,
1005 5239 1033 5286 ut
1044 5236 1121 5286 totius
1136 5233 1184 5284 diei
1195 5233 1270 5282 solem
1283 5229 1396 5281 senescis
1406 5227 1564 5292 amplissimis
1585 5226 1679 5287 recipe·
1772 5261 1774 5268 ,

897 5312 967 5368 rent,
981 5323 1005 5358 ν.
1022 5311 1139 5357 Senecam
1158 5303 1235 5368 Epist.
1258 5307 1297 5364 33,
1318 5300 1418 5350 Lucian.
1442 5298 1530 5362 llippia
1545 5297 1560 5360 §
1578 5304 1601 5346 5.
1618 5295 1679 5344 ilinc
