3734 5920
247 401 306 467 ³30
812 341 1067 465 ANTHOLoGIAE
1089 402 1292 464 PALATINAE

512 541 574 591 262.
594 543 730 589 helenoti.

245 669 367 748 Αίδερίην
381 670 425 730 διδ
436 669 516 728 νύκτα
530 669 582 728 νίοι
593 667 736 746 κατάγουσι
751 668 869 740 Σελήνην

284 755 364 829 ἠίθεοι
379 756 485 839 Φαρίης
499 756 594 836 ἄνδιχα
607 759 779 833 τεμνομίνην.

491 909 562 961 263.
585 901 777 960 nisinun.

244 1043 344 1122 Παύλῳ
358 1041 480 1122 κωμῳδῷ
492 1041 552 1100 κατ’
566 1039 630 1118 ύνιιρ
644 1038 708 1104 ord<
722 1029 778 1098 εἶπε
794 1039 951 1117 Μίνανδρος·

1043 534 1050 615 Ι
1356 557 1409 604 ιον.
1429 557 1564 602 irenen.

1071 693 1210 744 AEtherenm
1223 698 1373 756 pernoctem
1384 694 1463 745 teneri
1475 691 1603 744 deducunt
1615 692 1706 744 Selenen

1098 781 1201 844 iuvenes
1212 780 1308 830 Pheriee
1318 779 1505 846 (Alexandrian)
1514 779 1627 832 bituriam
1639 783 1794 844 qne-ornum.

1348 921 1401 968 noo.
1421 917 1583 966 Pitinum.

1071 1051 1146 1101 i’euio
1155 1053 1267 1103 oomoedo
1277 1066 1322 1117 per
1334 1050 1457 1102 somnium
1466 1047 1568 1098 adstans
1579 1045 1640 1096 dixit
1652 1049 1769 1099 Menander:

283 1157 294 1182 ι
310 1129 394 1189 Οὐδὲν
406 1126 459 1204 eph
477 1128 547 1187 κατὰ
562 1133 608 1186 σοῦ
619 1171 629 1203 ,
642 1128 690 1188 καὶ
704 1126 737 1186 ού
751 1130 838 1193 κακῶς
853 1150 887 1204 με
902 1124 995 1206 λέγεις.
1012 1156 1024 1178 ι·
1102 1159 1113 1182 ι
1132 1141 1170 1191 Nil
1182 1141 1293 1206 agomari
1305 1141 1331 1190 in
1344 1143 1382 1202 te,
1398 1141 1461 1190 ertu
1471 1137 1536 1188 maie
1551 1135 1690 1208 medime-

472 1281 541 1332 264.
558 1269 805 1331 ΔΟΥΚΙΛΑΙΟΥ.

244 1410 359 1482 Ποιήσας
373 1410 493 1482 δαπιίνην
509 1411 536 1468 ἰν
550 1407 639 1476 ὕπνοις
652 1411 665 1466 δ
679 1405 959 1489 φιλάργυρος-Ἕρμων

282 1501 312 1558 ίκ
325 1498 496 1579 περιωδυνίας
512 1498 590 1558 αὑτὸν
606 1496 794 1575 ἀπηγχόνισεν.
836 1562 841 1571 ι

502 1644 569 1695 266.
588 1646 647 1691 ΤΟΥ
665 1645 774 1692 ΑΥΤΟΥ.

1356 1281 1411 1329 idi.
1425 1277 1570 1328 Luctum.

1072 1415 1278 1481 Postquam-iecit
1289 1419 1417 1480 sumptum
1430 1413 1456 1464 in
1470 1412 1562 1463 somnis
1571 1425 1657 1461 ererus
1669 1414 1766 1474 iiernon,

1099 1518 1151 1569 pree
1161 1504 1334 1555 nimio-dolore
1343 1503 1467 1567 se-ipsum
1480 1498 1647 1562 strnnguisrit.

1338 1651 1391 1694 265.
1416 1653 1447 1694 EJ
1454 1651 1570 1694 USDBN.

244 1781 275 1840 iit
289 1778 336 1857 μίν
352 1779 392 1838 ἐπ’
410 1778 569 1846 ιἰττελοίύους
583 1779 674 1857 ἄγεται
691 1778 816 1860 στρατὸς,
838 1779 855 1849 ἢ
872 1779 1023 1855 κυνομυίας,
1068 1792 1094 1841 si
1105 1793 1192 1842 eontra
1203 1791 1295 1841 hrnros
1304 1789 1411 1840 dueniur
1421 1788 1558 1848 exercitus,
1571 1792 1614 1838 eut
1627 1788 1804 1839 rnmummnsos.

280 1865 297 1936 ἢ
313 1865 396 1943 μύας,
409 1864 427 1936 ἢ
440 1868 546 1946 ψυλλῶν
559 1866 668 1924 ίππικδν
683 1864 701 1938 ἢ
717 1864 876 1946 βαιρύχων,

241 1957 264 2016 Γ
265 1955 321 2028 rite,
338 1953 383 2012 καὶ
394 1954 427 2013 ού
441 1954 521 2034 ρούοῦ
539 1952 576 2027 μὴ
593 1953 640 2013 καὶ
654 1954 684 2012 αι’
697 1977 736 2022 τις
750 1953 922 2034 ίγκαταλίξῃ,

280 2047 315 2112 ὡς
330 2043 361 2102 δν
377 2048 423 2115 τῆς
437 2041 536 2103 τούτων
552 2043 623 2111 ἄξιον
635 2043 697 2103 ὄντα
714 2043 813 2124 μάχης.

1099 1882 1146 1930 eut
1156 1892 1253 1940 mures,
1263 1882 1307 1929 aut
1323 1878 1433 1942 pulicum
1447 1877 1598 1940 equitatum,
1610 1880 1652 1926 aut
1662 1889 1765 1934 ιειιειιιιι,

1068 1967 1113 2019 Gei
1121 2005 1128 2029 ,
1137 1971 1163 2018 et
1177 1970 1207 2020 tu
1219 1967 1279 2018 time
1292 1981 1323 2019 ne
1335 1971 1360 2017 et
1369 1970 1395 2017 te
1407 1965 1529 2029 quispiam
1538 1963 1768 2028 sacrementoodipt

1099 2059 1216 2120 hequem
1226 2055 1326 2106 iliorum
1339 2055 1440 2120 dignum
1455 2067 1547 2118 pugne.
1645 2053 1717 2116 [piem
1726 2067 1802 2116 popm:

242 2135 274 2193 Εἰ
288 2132 415 2214 δ’ἀρετῆί
429 2135 527 2213 ἀνδρῶν
542 2131 769 2212 ἄΥῑτίίίσίίδίῑῗὸέι
782 2133 883 2193 ἄλλθῖῑ
897 2131 983 2202 πᾱῗζῑ·
1068 2146 1092 2195 si
1106 2159 1165 2196 sero
1181 2145 1281 2195 tortium
1303 2144 1413 2193 virorum
1427 2140 1744 2204 dureturexerritus,eliud
1759 2139 1807 2204 quii·
1848 2137 1849 2206 ζ

1100 2232 1216 2284 iiomonis
1225 2245 1285 2282 vero
1298 2232 1396 2282 nulium
1408 2231 1527 2282 adversus
1537 2243 1611 2295 grues
1623 2231 1661 2280 est
1672 2231 1780 2279 remum.
1847 2237 1850 2328 ρ

281 2220 423 2298 Ῥωμαίοις
436 2220 459 2278 δ’
474 2219 554 2285 οὐδείς
567 2220 633 2298 πρὸς
642 2219 766 2299 γεράνους
779 2219 901 2297 πόλεμος.

499 2365 562 2418 266.
582 2369 642 2414 ΤΟΥ
660 2367 767 2414 ΑΥΤΟΥ.

241 2486 345 2554 Ψευδὲς
360 2488 485 2567 ἔσοπτρον
500 2487 556 2566 ίχει
569 2486 739 2564 dependente·
755 2488 778 2544 εί
788 2485 839 2566 γὰρ
853 2485 949 2558 ἀληθὲς

280 2575 399 2648 ἔύλεπεν,
409 2577 457 2636 οὐκ
471 2574 502 2633 δν
516 2573 584 2643 ύλιιις
593 2575 685 2648 ἤθελεν
703 2575 768 2634 αύτδ
783 2576 900 2652 βλίπιιν.

520 2727 582 2778 267.
602 2728 743 2776 horinon.

242 2845 367 2925 Κερκίδος
378 2847 406 2904 ού
420 2844 525 2926 χρῄζεις
537 2848 552 2904 δ
565 2846 725 2924 λογιστικὸς,
740 2843 798 2907 ouidi
813 2844 887 2920 μέλει
902 2867 950 2903 σοι·

278 2935 323 2994 καί
334 2936 386 3017 γδρ
400 2935 573 3002 ἀύαακύντυις
588 2937 646 3016 pinu
657 2935 788 3015 τρίπηχυν
802 2934 880 3015 ἔχεις.

539 3082 600 3134 268.
621 3085 718 3134 ΔΔΔΟ.

1345 2367 1398 2411 noo.
1421 2370 1571 2413 nsusnnrr.
1848 2365 1850 2426 t

1067 2499 1171 2551 Mendax
1185 2500 1314 2564 specuium
1326 2500 1401 2552 hehet
1415 2501 1590 2552 Demosthenis
1608 2522 1614 2550 :
1630 2500 1650 2550 si
1662 2499 1721 2550 enim
1729 2512 1785 2549 reru
1848 2467 1850 2554 ί

1096 2588 1241 2653 inspiceret,
1256 2587 1408 2639 nullomodo
1420 2588 1496 2638 veliet
1511 2587 1576 2638 iilud
1585 2587 1710 2650 inspieere.

1041 2703 1045 2742 ¹
1351 2717 1405 2766 ret.
1429 2723 1572 2767 rncnnnr.

1041 2749 1044 2880 ί
1067 2841 1141 2904 virge
1155 2855 1203 2891 non
1216 2853 1273 2906 eges
1285 2844 1441 2906 supputator,
1455 2855 1502 2892 nee
1512 2843 1633 2891 curm-est
1645 2841 1705 2891 tihi:

1097 2932 1202 2992 etenim,
1217 2945 1263 2982 nee
1275 2932 1392 2990 invideo,
1406 2945 1494 2984 nusum
1509 2932 1674 2983 triouhiteiem
1684 2931 1755 2982 naus

1361 3075 1415 3122 266.
1442 3083 1548 3126 AhiUD.

239 3203 279 3262 Οὐ
294 3202 401 3262 δύναται
415 3205 448 3282 τῇ
462 3203 532 3283 χειρὶ
547 3201 669 3288 Πρύκλος
682 3202 730 3273 τὴν
746 3205 794 3282 ῥῖν’
807 3201 979 3279 ἀπυμύσσειν·
1064 3213 1118 3260 Νοιι
1131 3213 1214 3274 potest
1224 3224 1299 3261 menn
1311 3211 1412 3262 Procius
1425 3223 1513 3261 nusum
1526 3222 1669 3274 emungere,

277 3295 324 3362 τῆς
339 3292 405 3370 ῥινὸς
419 3291 469 3370 γὰρ
485 3291 541 3372 ἔχει
555 3291 602 3363 τὴν
612 3292 679 3372 χέρα
693 3291 859 3372 μικροτέρην·

1096 3311 1155 3347 nuso
1166 3297 1231 3348 enim
1245 3297 1319 3349 hehet
1334 3311 1436 3349 murrum
1446 3297 1574 3348 minorem.

239 3377 296 3438 υῦδί
308 3379 378 3458 λέγει
391 3382 456 3439 Ζεῦ
473 3385 580 3439 σῶσον
593 3382 637 3439 ἐὰν
651 3385 749 3459 πταρῇ·
763 3382 793 3439 οιί
803 3379 854 3460 γὰρ
869 3379 958 3439 ἀκούει
1065 3390 1149 3452 Neque
1163 3388 1224 3440 dioit
1243 3409 1255 3433 r
1266 3390 1363 3455 Jupiter
1374 3403 1446 3440 serre
1462 3410 1484 3450 ι,
1499 3389 1521 3438 si
1540 3387 1684 3438 sternutnrit
1695 3383 1805 3436 :nonme

277 3471 324 3538 τῆς
334 3467 410 3547 ῥινός·
423 3467 489 3528 πολὺ
505 3468 555 3548 γὰρ
567 3471 615 3538 τῆς
629 3471 710 3539 οἰκοῆς
723 3467 827 3548 ιἰπίχει.

516 3605 578 3656 266.
598 3607 739 3656 Ahiihoti.

268 3707 300 3760 είς
312 3705 367 3755 ναδν
382 3709 425 3754 τοῦ
438 3705 579 3767 ’Προκλέους
591 3705 715 3768 γευόμενον
725 3710 768 3754 τοῦ
782 3705 852 3767 ἁγίου
866 3703 980 3755 Λουκίου.

277 3819 311 3882 ‘0
325 3824 371 3879 τοῦ
388 3820 449 3887 Διὸς
463 3829 525 3887 παῖς
540 3823 688 3889 καλλίνικος
707 3819 842 3901 Ἡρακλῆς

275 3911 321 3968 οὐκ
336 3909 390 3985 εἰμὶ
406 3907 602 3980 Λούκιος,οὶλλ’
615 3909 790 3989 ιἰναγκοίζουρί
805 3933 848 3985 με.

520 4083 578 4128 aot.
597 4095 725 4129 ennrnns.

233 4209 345 4258 Comoedo
359 4207 423 4257 visne
436 4194 554 4258 eruto'de
568 4216 638 4257 noete
652 4208 786 4257 Menander
801 4223 806 4256 :

265 4295 315 4341 Cur
326 4307 377 4348 me,
389 4291 435 4347 nii,
453 4290 569 4354 intumos,
584 4291 627 4357 qui
639 4290 683 4341 tibi
696 4291 730 4340 nii
746 4291 834 4340 nocui?

529 4423 586 4478 264.
612 4437 732 4470 nuerrnrr.

233 4561 259 4607 in
272 4558 360 4607 somnis
371 4558 463 4624 aliquid
474 4568 565 4608 sumtus
578 4559 635 4624 quin
647 4557 736 4608 iecerat
750 4562 868 4616 Hermon,

264 4642 390 4707 Suspendit
401 4659 452 4692 sese
464 4653 560 4692 moestus
572 4643 681 4693 avaritia.

521 4769 582 4822 285.
600 4786 719 4820 rrusonu.

229 4895 254 4945 si
268 4892 388 4954 brinchus,
402 4894 421 4942 si
436 4911 494 4945 rann
505 4897 610 4963 loquax,
628 4898 647 4948 si
658 4915 739 4947 musea
753 4897 854 4956 cunina,

263 4980 287 5030 Si
302 4993 367 5039 mus,
381 4976 399 5026 si
414 4979 486 5043 pulex
501 4978 576 5030 hostis
589 4981 712 5031 irebendus
723 4981 779 5044 erit,

228 5065 337 5116 Dilector
349 5079 380 5112 ne
393 5071 417 5112 te
430 5063 507 5129 rapiet
519 5063 686 5132 eirerrmspice,
700 5067 742 5115 Cei
756 5081 762 5114 :

261 5149 328 5200 'Pelia
344 5164 401 5198 nem
416 5147 524 5198 monibus
536 5151 616 5215 proeiie
627 5152 696 5216 digna
708 5151 764 5201 tuis.

228 5235 269 5286 sm
285 5233 360 5285 uirtus
372 5230 502 5301 spectanda
516 5235 608 5299 virdin,
622 5251 661 5286 res
672 5234 724 5286 haee
737 5231 798 5285 nihii
814 5233 844 5284 nd
858 5241 896 5282 te:

1097 3489 1184 3527 nusum
1196 3492 1202 3520 ι
1215 3477 1323 3528 muitum
1337 3479 1402 3529 enim
1413 3477 1562 3528 atr-auribus
1575 3476 1650 3528 abest.
1744 3469 1804 3537 [redit

1345 3623 1398 3672 269.
1426 3629 1567 3672 incultui.

1193 3739 1219 3780 in
1230 3735 1341 3794 templum
1352 3735 1456 3782 iieroulis
1465 3735 1527 3792 quod
1537 3735 1633 3782 tiehnis.
1644 3733 1704 3780 tueii.

1063 3831 1134 3882 Joris
1146 3831 1212 3883 trtius
1230 3832 1550 3896 pulchre-victoriierouies

1064 3933 1112 3970 non
1124 3933 1179 3970 sum
1192 3920 1297 3981 ineius,
1309 3921 1353 3972 sed
1364 3925 1455 3986 cogunt
1472 3934 1510 3971 me
1518 3934 1579 3970 esse.

1096 4087 1218 4132 iiomuuus
1229 4093 1316 4133 wutra
1330 4100 1379 4133 uon
1395 4093 1476 4133 movet
1489 4099 1557 4133 orme
1568 4099 1641 4148 grues.

1362 4211 1417 4260 noo.
1435 4225 1551 4258 unsnenr.

1063 4319 1174 4368 hiendnei
1187 4319 1284 4384 speculo
1298 4317 1466 4368 Demosthenis
1481 4317 1572 4380 utitur3
1589 4326 1643 4366 esset

1096 4403 1121 4455 Si
1133 4419 1222 4466 vernn,
1233 4403 1356 4470 speculum
1368 4419 1414 4453 nee
1426 4403 1510 4469 procui
1522 4403 1641 4468 espieeret.

1358 4525 1415 4584 ²⁶7·
1437 4538 1547 4572 rrennnr.

1036 4635 1040 4733 ί
1064 4645 1117 4693 >ion
1131 4658 1193 4710 opus
1204 4652 1240 4692 est
1253 4641 1335 4701 radio,
1352 4655 1458 4700 mensor,
1472 4639 1518 4688 tibi
1535 4655 1542 4690 ι
1557 4650 1652 4703 ιιιιπιιιε
1663 4630 1717 4681 noli:

1093 4731 1152 4776 Tres
1166 4727 1260 4776 cubitos
1272 4742 1341 4774 nesus
1355 4725 1395 4790 qui
1408 4733 1491 4790 patet,
1503 4724 1523 4772 is
1539 4723 1595 4773 setis
1606 4728 1642 4769 est

1360 4849 1416 4895 268.
1435 4862 1557 4895 κιαιιικιιι.

1060 4981 1197 5046 Mungendo
1209 4980 1287 5030 Procli
1300 4995 1384 5028 montis
1395 4987 1429 5028 est
1442 4993 1486 5026 neo
1498 4976 1583 5026 idonee
1594 4985 1657 5023 nuso:

1092 5065 1157 5130 Quid
1176 5065 1280 5114 mirum?
1297 5079 1355 5113 naso
1372 5079 1428 5112 num
1442 5061 1522 5112 minor
1534 5061 1585 5128 ipsa
1595 5069 1670 5108 menon
1720 5126 1723 5132 Δ

1059 5155 1109 5202 Nee
1120 5150 1165 5200 sibi
1175 5158 1326 5208 sternutens,
1339 5148 1389 5207 Sit,
1400 5149 1442 5210 nit,
1452 5146 1515 5196 bene
1527 5160 1534 5196 ι
1547 5143 1628 5211 quippe
1639 5150 1673 5188 nec
1685 5129 1724 5180 eidi

1033 5219 1039 5286 ί
1091 5239 1194 5295 Nasum,
1209 5233 1250 5300 qui
1263 5241 1356 5282 tentum
1371 5231 1441 5281 disini
1452 5230 1482 5280 nb
1494 5227 1610 5279 nitrieulis.
