3878 5912
217 411 256 470 ηε
779 406 1035 468 ANTHOLOGlAE
1057 407 1260 470 Pth'l'lNAE

519 547 581 598 212.
602 549 697 595 Anac.

217 673 358 753 Φάρμακα
371 673 458 733 πολλά
474 673 520 750 μέν
536 675 614 733 ἐσθλά
629 677 796 752 μεμιγμένα,
812 674 900 732 πολλὰ
913 673 940 733 δέ
951 675 1000 732 λυ-

218 763 364 844 Νίκανδρος
374 763 529 841 κατέλεξεν,
545 764 719 839 ἐπιστάμενος
733 763 794 841 πέρι
808 763 914 822 πάντων
930 763 1000 842 [γρδι
1045 779 1165 829 Nicander
1177 781 1308 842 recensuit,
1322 781 1411 832 dectus
1424 787 1515 847 praerer
1527 799 1613 836 omues

218 853 374 934 ἀνθρώπων.
390 844 430 915 Ἦ
442 853 494 934 γδιρ
509 855 642 928 Παιήονός
655 858 711 916 ἐστι
723 853 853 932 γενέθλης.

520 993 582 1044 213.
603 997 698 1042 ΑΔΑΟ.

218 1125 272 1183 Kul
290 1123 417 1202 Κολοφὼν
433 1124 557 1205 ἀρίδηλος
572 1126 609 1184 ἐνί
623 1123 759 1184 πτολίεσσι
773 1123 910 1196 τέτυκται,

257 1213 339 1280 δοιοὺς
355 1214 506 1294 θρεψαμένῃ
521 1215 617 1282 παῖδας
631 1214 809 1292 ἀριστανόαυς,

217 1304 383 1381 πρωτότοκον
398 1302 444 1380 μέν
460 1301 598 1383 Ὅμηρον,
614 1303 680 1381 ἀτδιρ
698 1302 843 1382 Νίκανδρον
854 1300 961 1372 ἔπειτα,

258 1393 422 1471 ἀμφοτέρους
432 1392 551 1458 Μούσαις
565 1392 703 1471 οὔριίνίησι
715 1391 813 1472 φίλους.

344 1545 412 1594 iii.
435 1534 615 1593 ΔΕΟΝΤΟΣ
636 1534 878 1593 ΦΙΛΟΣΟΦΟΥ.

258 1678 301 1754 Τῇ
316 1678 368 1734 τῶν
382 1673 466 1754 λόγοιν
480 1696 527 1732 σου
541 1672 677 1752 κογχύλῃ,
692 1671 839 1752 Παρφύριε,

259 1763 409 1844 βάπτειςτόι
421 1763 515 1844 χειλη,
527 1764 572 1820 καλ
586 1763 710 1831 στολίζεις
724 1763 772 1830 τδις
787 1761 893 1842 φρένας.

300 1915 369 1966 215.
394 1906 647 1966 ΑΝΤΙΠΑἸῬΟΥ
667 1905 916 1965 ΜΑΚΕΔΟΝΟΣ.

219 2047 280 2106 Ales
294 2046 466 2127 θηλυτέρῃσιν
483 2045 553 2126 ὕδωρ
567 2048 647 2106 κακὸν
662 2046 867 2121 Ἑλλήσποντος,

260 2135 333 2204 ξεῖνε·
350 2136 492 2208 Κλεονίκης
505 2134 598 2194 πεύθεο
611 2135 784 2217 Δυῤῥαχίδος.

219 2229 299 2287 Πλῶε
314 2226 366 2305 γὰρ
380 2229 404 2292 ές
419 2224 522 2296 Σηστὸν
539 2223 606 2301 μετὰ
619 2225 738 2304 νυμφίον·
755 2227 781 2282 ἐν
797 2221 824 2282 δέ
837 2221 947 2302 μελαίνῃ

260 2316 361 2396 φαρτίδι
373 2315 420 2386 τήν
434 2313 538 2385 Ἕλλης
553 2323 647 2393 μοῖραν
662 2313 848 2374 ἀπεπλάσατο.

219 2405 298 2485 Ἦροῖ
311 2406 430 2482 δειλαίη,
448 2403 479 2461 σὺ
493 2403 540 2479 μέν
550 2405 645 2482 ἀνέρα,
661 2402 800 2482 Δηίμαχος
814 2401 842 2460 δέ

259 2494 373 2574 νύμφην,
386 2497 412 2551 ἐν
424 2491 534 2573 παύροις
552 2492 671 2552 ὠλέσατε
683 2493 809 2558 σταδίοις.

356 2647 424 2698 216.
447 2637 627 2696 ΟΝΕΣΤΟΥ
651 2635 869 2695 ΚΟΡΙΝΘΙΟΥ.

218 2778 357 2857 Ἁρμονίης
369 2778 438 2857 ἱερὸν
456 2776 547 2856 φήσεις
560 2776 653 2854 γάμον·
670 2774 730 2835 ἀλλ’
745 2773 882 2851 ἀθέμιστος

260 2869 408 2933 Οἰδίποδος.
422 2865 513 2934 Λέίεις
523 2865 670 2944 Ἀντιγόνην
683 2863 769 2934 ὁσίην·

219 2957 288 3016 ἀλλὰ
300 2955 454 3034 κασίγνητοί
468 2953 642 3032 μιαρώτατοι.
657 2949 804 3031 Ἄμόροτυς
819 2950 888 3010 Ἰνώ·

260 3049 318 3106 ἀλλ’
334 3047 448 3123 Ἀθάμας
462 3044 581 3118 τλήμων.
594 3041 761 3122 Τιιχομελὴς
776 3041 882 3118 κιθάρη·

219 3133 278 3192 ἀλλ’
290 3133 368 3200 αύλδς
379 3133 541 3210 δύσμαυαος.
554 3129 578 3191 'l
584 3133 606 3188 δ’
619 3135 653 3196 ὡς
668 3132 829 3208 ἐκεράσαατο
839 3129 919 3207 Θήόῃ

260 3221 371 3299 δαίμων,
387 3221 468 3281 ἐσθλά
483 3229 573 3286 κακοῖς
585 3219 609 3276 δ’
624 3220 660 3284 εἰς
675 3217 701 3276 ἓν
717 3216 803 3293 ἔμιξεν
817 3215 872 3275 ἴσα.

372 3374 441 3422 iti.
465 3365 639 3423 ΜΟΥΚΙΟΥ
662 3363 852 3423 zistorit.

219 3498 255 3554 Αἱ
270 3495 394 3574 χίμαρον,
410 3494 436 3552 τί
450 3495 508 3554 ποτ’
522 3487 616 3575 {perd
634 3494 680 3572 μὲν
697 3493 767 3570 θύμα
780 3494 825 3553 καί
837 3493 988 3571 τιθύμαλλον

258 3584 361 3643 λείπετε
374 3583 417 3641 καί
432 3583 544 3662 χλοερὴν
560 3583 692 3658 αίγίνομαν
708 3583 830 3660 βοτάνην,

220 3671 285 3752 γυρδι
300 3674 322 3729 δ’
337 3673 377 3729 te·
393 3672 520 3742 ἀλλήλαις
531 3671 700 3748 σκιρτήματα
715 3676 798 3750 γαῦροι
811 3673 909 3730 τίθεσθε

260 3761 328 3841 ἀμφὶ
341 3761 384 3820 τὸν
399 3758 526 3830 ὑλιόάτην
542 3761 685 3832 ἁλλόμεναι
701 3758 818 3833 Νόμιον,

220 3851 268 3908 uix
281 3850 332 3908 ἀπὸ
346 3846 499 3927 πυγμαχίης
510 3847 693 3923 ἀποπαύσετε;
708 3846 746 3923 μή
760 3851 818 3904 ποτ’
831 3845 949 3927 ἀπεχθὴς

260 3937 360 4017 ἀντήση
374 3937 471 4016 κορύνη
485 3933 571 4015 χειρὸς
586 3936 631 3992 ἀπ’
645 3937 792 4006 αἶπολικῆς.

519 4120 576 4156 ars.
594 4124 705 4158 ιιιυειιτι.

535 4201 572 4246 De
587 4194 678 4246 eodem.

221 4289 291 4339 Mille
301 4287 435 4338 salutiferas
449 4285 553 4347 herhas,
568 4296 592 4336 et
606 4287 672 4337 mille
682 4298 795 4338 nocentes

221 4371 327 4422 Maxima
338 4371 454 4423 Nicandri
467 4371 583 4436 sapientia
593 4385 682 4436 corpus
693 4372 718 4420 in
729 4389 802 4422 tinum

221 4456 339 4508 Contulit.
350 4455 421 4506 Haud
432 4454 522 4504 mirum
535 4468 541 4504 ε
555 4469 628 4518 genus
638 4455 673 4504 illi
688 4471 702 4504 n
717 4459 803 4505 Peene
814 4473 917 4506 summo.

529 4556 588 4603 213.
603 4569 691 4605 scion.

532 4634 668 4687 Deeodem.

220 4724 340 4776 Laudibus
354 4721 457 4789 egregias
470 4722 597 4789 Colophon
608 4725 769 4790 supereminet
780 4724 861 4787 urbes,

254 4814 315 4874 Quae
326 4807 420 4876 peperit
432 4817 500 4857 notos
512 4807 610 4858 nomina
621 4824 706 4873 magne
718 4807 790 4865 duos,

221 4893 301 4944 Patria
314 4889 462 4942 Nicandrum
477 4889 554 4939 reteri
571 4889 671 4939 sociarit
681 4894 799 4952 Homero,

254 4979 291 5026 Ne
304 4989 364 5024 nors
375 4972 495 5023 Pieridum
511 4972 562 5021 laus
573 4973 671 5023 aliunde
681 4973 752 5024 ioret.

446 5085 504 5132 αις.
520 5092 605 5125 ironis
626 5093 784 5127 ruinosorei.

247 5171 400 5241 Porphyris,
413 5185 470 5219 rere
482 5183 589 5236 purpura
604 5178 640 5217 est
651 5184 731 5218 serino
748 5180 818 5220 terris:

247 5259 307 5308 Num
323 5255 391 5305 labra
407 5252 495 5317 ungit,
510 5262 580 5301 ornat
593 5261 617 5300 et
630 5262 734 5300 mentem
747 5254 828 5302 simul.

1346 563 1400 608 212·
1425 573 1529 615 ALlUl).

1047 691 1179 740 Pharmaca
1202 692 1279 742 mults
1298 692 1400 757 quidem
1424 694 1488 745 hona
1506 697 1595 757 mixta,
1618 697 1697 748 multa
1716 711 1776 748 vero
1791 700 1827 748 iu·

1761 789 1829 836 uesta

1047 864 1166 916 homines.
1178 869 1241 916 Sane
1255 868 1320 918 enim
1332 871 1474 924 ex-Poeonis
1486 875 1525 923 est
1536 875 1617 938 gente.
1746 786 1755 846 l

1338 1008 1393 1055 21³.
1420 1013 1530 1059 struo.

1046 1136 1078 1183 Et
1091 1133 1217 1199 (lolophon
1232 1137 1412 1200 spectatissima
1426 1137 1491 1188 inter
1502 1136 1577 1189 urbes
1589 1137 1644 1199 luit,

1079 1223 1148 1274 binos
1157 1225 1289 1288 quse-aluit
1299 1226 1364 1276 filios
1373 1227 1700 1291 eperchomene-potientes.

1046 1310 1235 1376 primogenitum
1246 1313 1347 1377 quidem
1355 1316 1500 1375 Homerum,
1515 1314 1560 1366 sed
1570 1315 1721 1366 Nicandrum
1732 1313 1829 1367 deinde.

1078 1403 1198 1464 utrosque
1212 1403 1290 1454 Musis
1299 1405 1442 1455 celestibus
1453 1417 1533 1454 curos.

1231 1545 1285 1591 214.
1306 1544 1436 1592 LEONTlS
1453 1545 1651 1593 Philosophi.

1078 1679 1188 1728 i'uorum
1199 1691 1337 1730 sermonum
1349 1679 1459 1741 murice,
1473 1694 1489 1729 o
1504 1679 1636 1743 Porphyri,

1078 1765 1152 1830 tingis
1160 1766 1228 1816 labra
1239 1769 1264 1817 et
1275 1767 1351 1818 restis
1363 1770 1465 1818 menies.

1220 1921 1275 1966 215.
1293 1918 1462 1967 sn'TtPsTiii
1476 1917 1665 1967 machaonis

1048 2061 1131 2122 Usque
1145 2059 1314 2124 leminisaqua
1323 2061 1430 2110 malacst
1445 2060 1633 2124 Hellespontus,

1080 2147 1196 2211 ohospes
1209 2169 1214 2196 ι
1230 2148 1361 2200 cleonicum
1371 2149 1494 2200 sciscitare
1506 2149 1709 2212 Dyrrhachidem.

1046 2234 1181 2300 Navigabat
1192 2234 1258 2286 enim
1274 2235 1299 2285 ln
1313 2239 1412 2286 Sestum
1429 2238 1580 2286 conventura
1599 2250 1716 2300 sponsum
1733 2251 1739 2279 :
1755 2237 1832 2290 sedin

1078 2337 1140 2374 nare
1152 2323 1234 2374 Helles
1243 2327 1336 2374 sortem
1349 2324 1544 2387 representavit.

1047 2415 1113 2464 Hero
1123 2414 1225 2474 misem,
1237 2415 1266 2463 tu
1274 2411 1375 2476 quidem
1385 2412 1482 2473 sirum,
1497 2412 1645 2464 lisimachus
1655 2427 1714 2464 vero

1078 2501 1226 2565 nympham,
1240 2501 1266 2549 in
1277 2501 1362 2564 paucis
1370 2500 1514 2564 perdidistis
1529 2502 1624 2553 stadiis.

1244 2642 1297 2686 ito.
1316 2639 1446 2687 ONESTAE
1462 2639 1634 2688 coiiliiiili.

1047 2769 1185 2819 Harmonice
1199 2781 1281 2820 sacras
1292 2768 1360 2820 dices
1372 2769 1485 2833 nuptum
1501 2768 1545 2820 sed
1557 2770 1659 2820 nefarias

1078 2857 1207 2922 OEdipodis
1216 2859 1323 2921 nuptie.
1334 2857 1449 2907 Nertobis
1463 2857 1600 2920 Antigonen
1610 2857 1688 2920 pium;

1047 2945 1091 2996 sed
1101 2945 1189 2996 iratres
1200 2944 1377 2996 scelestissimi.
1394 2945 1543 2995 immortalis
1558 2943 1631 3008 sueto
1643 2947 1701 3004 1no;

1078 3033 1122 3084 sed
1134 3032 1253 3086 Athamas
1263 3032 1346 3083 miser.
1362 3032 1653 3083 Muros-cantucondeus
1665 3031 1774 3094 cithara,

1050 3122 1093 3173 sed
1104 3121 1166 3173 tibia
1181 3121 1387 3172 inmotis-Musis.
1401 3123 1436 3170 En
1450 3122 1573 3184 quomodo
1586 3121 1734 3185 temperarit
1744 3121 1834 3171 Thebis

1077 3209 1183 3272 eleemon,
1194 3213 1220 3261 et
1231 3210 1296 3260 hona
1304 3209 1407 3260 mulisin
1417 3223 1495 3268 unum
1505 3209 1605 3260 miscuit
1613 3210 1798 3273 pari-mensura.

1264 3362 1318 3408 217.
1333 3359 1426 3408 itt'ctl
1442 3359 1613 3408 SCAEVOLAE.

1047 3509 1098 3555 Vos
1107 3519 1199 3569 cuprea,
1212 3504 1273 3568 quid
1284 3504 1383 3554 demum
1394 3504 1480 3568 thyma
1493 3506 1519 3554 et
1531 3503 1669 3568 tithymalis

1077 3593 1188 3658 linquitis
1201 3596 1227 3644 et
1240 3593 1344 3644 viridem
1358 3593 1647 3656 quam-capraemortem
1655 3590 1772 3650 herbam,

1046 3693 1135 3732 curros
1143 3693 1204 3731 vero
1217 3681 1271 3732 aiiae
1279 3681 1304 3730 in
1313 3681 1372 3732 olias
1382 3682 1461 3732 saltus
1474 3681 1567 3730 seroces
1577 3679 1650 3732 editis

1078 3771 1142 3820 circs
1151 3767 1440 3832 incedentem-per-silrss
1446 3768 1561 3819 salientes
1572 3768 1830 3819 Pastorum-deum?

1046 3870 1125 3907 nonne
1135 3870 1149 3907 a
1161 3855 1270 3920 pugilatu
1284 3855 1418 3906 desinetis?
1431 3855 1571 3919 nequando
1586 3855 1663 3906 inuisa

1082 3948 1197 3994 occunat
1206 3943 1277 3994 clara
1291 3957 1365 3994 manu
1378 3957 1409 3994 ex
1422 3944 1551 4008 pastoraii.

1252 4111 1309 4158 215.
1330 4125 1466 4157 κτιτίεκτιιι
1485 4125 1633 4156 micsoours.

1049 4206 1162 4258 Femineo
1176 4224 1270 4273 semper
1281 4208 1361 4274 generi
1376 4208 1453 4273 graiis
1463 4208 1633 4274 Hellespontus
1649 4225 1654 4258 :

1082 4290 1213 4357 Dyrrachis
1225 4291 1288 4349 hoo,
1302 4289 1402 4356 hospes,
1415 4299 1439 4339 te
1453 4289 1566 4340 Cleoniea
1583 4289 1663 4340 docet.

1048 4374 1153 4423 Ducitur
1162 4373 1246 4438 insigni
1259 4373 1316 4421 dum
1326 4387 1370 4438 per
1382 4371 1444 4421 heta
1453 4386 1515 4421 saeua
1528 4371 1629 4427 marito,
1729 4393 1737 4406 ·

1082 4455 1190 4520 Mergitls
1201 4453 1279 4516 hunc,
1291 4453 1378 4502 Hellen
1394 4469 1447 4518 quse
1460 4452 1589 4518 rapuistis,
1604 4469 1671 4518 eques
1688 4469 1694 4503 :

1048 4536 1269 4603 Deimuehusspatii
1281 4535 1367 4586 fluetus
1376 4535 1454 4584 brevis
1465 4535 1528 4584 inter
1537 4541 1562 4583 et
1575 4538 1658 4596 Hero,

1083 4621 1127 4675 llle
1135 4635 1203 4683 suam
1212 4634 1322 4684 sponsam
1337 4616 1513 4683 perdidit„iste
1526 4616 1615 4667 uirum.

1354 4726 1411 4776 216·
1425 4740 1531 4773 οτιντνε.

1048 4831 1073 4880 si
1086 4846 1152 4880 sacer
1163 4827 1300 4882 Harmonice
1316 4835 1382 4876 torus
1395 4835 1443 4888 est,
1458 4825 1560 4875 incestus
1577 4833 1601 4873 at
1614 4823 1655 4873 ille
1672 4817 1674 4823 ’

1004 4940 1012 4962 ο
1081 4911 1224 4977 OEdipodis;
1240 4909 1316 4975 pietas
1330 4908 1393 4958 lucet
1405 4908 1430 4956 in
1446 4907 1575 4972 Antigone,

1050 4994 1124 5060 impie
1136 4994 1176 5043 sed
1190 4993 1291 5048 fratrum
1301 4989 1431 5040 certamina
1447 5006 1453 5040 ι
1467 4988 1520 5038 diro
1532 4989 1563 5038 sit
1574 4993 1629 5044 lno,

1081 5078 1126 5129 Sed
1141 5079 1213 5127 miser
1225 5085 1261 5128 est
1272 5075 1387 5128 Athamas
1399 5091 1406 5126 ε
1417 5074 1484 5126 urhis
1496 5075 1562 5139 origo
1573 5075 1640 5140 lyra,

1048 5161 1117 5211 Tihia
1132 5163 1257 5227 pernicies.
1268 5160 1412 5228 Siemisenit
1425 5158 1504 5209 omnia
1517 5158 1616 5218 Thebis,

1083 5244 1190 5295 Uibone
1206 5245 1252 5294 luia
1266 5244 1334 5293 malis
1348 5243 1458 5293 redderet
1475 5257 1541 5307 sequa
1557 5245 1631 5290 Duru.

1753 2325 1832 2390 [nigre
1908 2393 1909 2396 γ
