3774 5914
434 431 557 492 CAPUT
579 431 629 489 lx.
652 427 932 490 Eielilllllllh
957 429 1292 490 neiron'STRll'lvn.

110 577 201 648 χαῖρε,
218 565 263 622 καὶ
277 565 425 638 ἄμπνευσσν
440 563 513 640 βαιὸν
528 561 592 642 ὑπὲρ
606 560 738 638 πατρίδος.

74 653 149 716 Ἴλιον
162 657 272 713 οἰκεῖται
288 651 376 722 κλεινὴ
391 653 483 724 πόλις,
500 649 594 727 ἄνδρας
606 649 702 728 ἔχουσα

110 749 152 801 σοῦ
169 742 216 818 μὲν
232 737 437 818 ἀραοροτέρους,
458 738 515 797 ἀλλ’
527 737 565 796 ἔτ’
578 737 743 818 θρηϊρίλους·

918 567 1000 628 salve,
1012 569 1038 618 et
1050 568 1144 631 respiro
1157 568 1257 632 paulum
1269 568 1299 618 de
1314 569 1400 633 petria.

887 653 948 703 ilion
963 654 1077 705 incolitur
1093 655 1158 706 clere
1169 656 1244 715 urbs,
1259 657 1324 707 viros
1336 655 1429 708 habens

917 745 942 791 te
956 742 1055 805 quidem
1070 743 1238 806 ignobiliores,
1253 743 1298 794 sed
1309 745 1390 795 adhuc
1403 746 1628 807 Mortis-ementem

39 853 51 889 s
75 831 231 908 Μυρμιδόνες
243 830 265 887 θ’
279 827 414 886 declamo.
429 827 596 906 Παρίστασο,
607 825 652 883 καὶ
663 825 718 902 λέγ’
728 824 843 902 Ἀχιλλεῖ
887 830 1050 894 Μςιτιιίθοιιοε
1062 835 1147 882 antem
1159 833 1294 896 perierunt.
1308 833 1386 894 Ades,
1397 838 1423 885 et
1431 835 1472 885 dic
1482 836 1567 886 Achilli

109 919 257 990 θεσσαλίην
269 921 372 976 κεῖσθαι
384 925 472 974 πᾶσαν
488 917 531 974 ὑπ’
547 915 695 979 elimaidam.

372 1068 440 1120 388.
464 1067 531 1119 389.

70 1195 129 1264 Πρὸς
143 1207 216 1250 ταῦτα
231 1201 351 1264 ὑπέγραψα
366 1201 522 1264 στρατιώτης·
534 1201 590 1260 soal
602 1199 627 1248 δὲ
643 1201 760 1264 Τραϊανοῦ
773 1197 841 1246 εἶναι.

74 1326 208 1406 Θίρσυνσς·
218 1328 247 1384 οὗ
262 1324 313 1407 γθρ
330 1327 395 1402 ἐμῆς
409 1324 515 1405 κόρυθος
529 1324 666 1384 λεύσσουσι
679 1323 810 1401 μέτωπον,

74 1470 127 1518 hira
136 1473 177 1518 τοῦ
193 1469 312 1524 Βασιλέως
321 1468 500 1529 ἐπαινέσαντος,
509 1469 549 1516 καὶ
563 1466 694 1530 γράψαντος
704 1486 716 1510 ιι
730 1465 843 1523 Δήλωσόν

296 1557 336 1601 μοι
346 1540 381 1597 τίς
391 1541 413 1590 εἶ
423 1560 445 1600 ν,
454 1539 595 1604 ἀπέγραψεν
604 1558 610 1570 ·

75 1665 132 1736 Εἰμὶ
144 1663 189 1738 μὲν
203 1664 350 1744 εθθώρηκος
360 1663 497 1724 Ἐνυαλίου
512 1663 683 1740 πολεμιστής·

74 1754 121 1824 εἰμὶ
135 1751 160 1810 δὲ
172 1752 217 1810 καὶ
229 1753 350 1832 θεράπων
363 1751 519 1813 Ἑλικωνίου
534 1751 711 1826 Ἀπόλλωνος,

1 1879 2 1891 2
74 1843 150 1908 adroic
167 1843 193 1898 έν
208 1840 337 1923 πρώτοισι
350 1839 504 1919 λελιγμένος
520 1841 700 1906 θσπιδιιίιταις.

135 1993 200 2043 990.
224 1984 518 2044 ΜΕΝΕΚΡΑΤΟΥΣ
538 1985 770 2044 ΣΜΥΡΝΑΙΟΥ.

73 2123 159 2184 Hassis
172 2123 215 2182 tal
227 2123 365 2204 προτέροις
377 2123 428 2196 ἤδη
443 2124 528 2202 τρίτον
544 2127 570 2184 έν
586 2131 648 2210 πυρί
663 2123 752 2203 μήτηρ

106 2219 189 2284 θεῖσα,
204 2213 251 2271 καὶ
265 2213 395 2292 ἀπλήστῳ
413 2215 519 2290 δαίμονι
534 2216 702 2294 μεμρομένη,

72 2301 182 2378 τέτρατον
194 2302 276 2379 ἄλγος
289 2303 389 2372 ἔτικτε,
401 2299 448 2361 καί
461 2305 508 2362 οὐκ
525 2303 657 2376 ἀνέμεινεν
673 2302 783 2376 ἀδήλους

107 2391 222 2463 ἐλπίδας,
237 2393 266 2450 ἐν
282 2391 309 2450 δέ
323 2391 386 2470 πυρὶ
400 2391 464 2458 ζωὸν
479 2391 556 2461 ἔθηκε
576 2391 682 2472 βρέρος,

1 2495 2 2516 ³
75 2509 86 2534 ι
105 2483 140 2542 Οὔ
152 2481 237 2562 θρέψω
250 2506 266 2534 ιι
281 2479 393 2548 λείξασα·
410 2480 471 2538 ντί
484 2480 536 2561 γίιρ
551 2480 645 2554 πλέους
659 2474 728 2539 Ἄϊδι
747 2484 843 2558 μαστοὶ

107 2597 118 2623 ι
137 2569 266 2645 κιίμνετε·
281 2567 402 2650 κερδήσω
413 2568 505 2635 πένθος
517 2570 692 2647 ιἰμσχθότερον
707 2595 731 2629 ι.

309 2719 377 2770 991.
399 2711 594 2770 nlOTlllOl'.

0 2859 1 2862 ’
73 2851 121 2911 Tb
135 2850 199 2924 ἤθει
212 2853 237 2918 ἐς
250 2851 334 2910 ἄεθλα
348 2851 435 2918 ποίλας
448 2850 550 2923 ἤσκησε
563 2859 689 2929 κραταιᾶς

107 2939 160 2997 ἅτε
176 2941 341 3006 Ποσειδῶνος
355 2939 400 2997 καὶ
413 2940 475 3012 Διὸς
489 2937 506 2996 ἁ
518 2938 606 3016 γενεαί.

1 3017 2 3029 ¹
75 3029 154 3086 Ιίεῑται
167 3026 194 3086 δέ
208 3051 270 3110 σριν
288 3027 359 3104 ἀγὼν
371 3029 401 3086 οὗ
412 3027 519 3106 χαλκέω
532 3026 601 3106 cippi
616 3026 739 3100 λε’ὅητος,

1 3141 2 3180 l
108 3116 159 3174 ἀλλ’
172 3115 240 3182 ὅστις
255 3115 326 3184 ζωὰν
341 3114 471 3186 εἷσιταιῆ
489 3116 610 3177 θάνατον.

1 3218 6 3280 γ
74 3197 178 3262 Ἀνταίου
192 3203 222 3261 τὸ
236 3205 356 3280 πτῶμα·
371 3201 466 3282 πρέπει
480 3205 503 3262 δ’
519 3202 654 3283 Ἡρακλέα
669 3214 741 3286 νικᾷν

1 3295 2 3316 ³
107 3288 145 3346 r'or
159 3290 225 3356 Διός.
275 3290 397 3372 Ἀργείων
412 3291 429 3348 d
442 3291 532 3364 πέλα,
548 3293 577 3349 σθ
589 3289 707 3354 daddus.

338 3437 401 3488 392.
421 3440 561 3492 Menon.

74 3565 103 3626 El
111 3589 144 3633 τις
157 3566 322 3644 ἀπάγξασθαι
337 3565 384 3644 μίν
402 3569 487 3634 ὀκνεῖ,
502 3567 614 3626 θανᾶτου
626 3567 648 3626 δ’
663 3567 785 3646 ἐπιθυμεῖ
790 3610 799 3640 ,

5 3680 9 3693 ·
105 3654 127 3723 ἐξ
137 3654 215 3736 Ἱερᾶς
227 3657 338 3724 Πόλεως
351 3654 450 3736 ψυχρὸν
462 3656 531 3737 ὕδωρ
547 3655 642 3717 πιέτω.

6 3884 7 3888 ¹
99 3825 190 3891 Respira
203 3841 210 3876 ε
225 3826 313 3892 patrico
324 3825 359 3875 sic
368 3825 431 3875 bono
446 3825 493 3874 iata
505 3826 601 3890 jubent.

6 3893 7 3908 ¹
73 3906 146 3970 Aspice
156 3922 162 3957 :
173 3923 252 3957 rursrss
263 3905 338 3956 habet
349 3905 423 3956 fortes
436 3923 488 3956 mea
498 3907 570 3971 Troja
584 3906 698 3968 colonos,

7 4030 14 4054 ,
100 3990 126 4039 lit
135 3989 177 4038 tibi
187 3989 229 4056 qui
238 3989 340 4056 cupiant
348 3989 441 4048 oedere,
453 4005 502 4038 non
517 3989 579 4039 aliis.

73 4072 219 4137 Myrmidones
234 4073 330 4140 periere
345 4089 352 4123 ε
366 4073 416 4123 iace
425 4073 472 4123 hoc
483 4090 579 4140 quoque
589 4074 653 4123 norit
665 4072 772 4123 Achilles
785 4090 792 4124 ε

101 4157 220 4207 heresim
236 4156 331 4224 patitur
341 4156 457 4207 'thessala
469 4164 536 4206 terre
546 4158 639 4222 jugrnn.

75 4272 123 4327 388.
139 4277 180 4326 las
201 4277 311 4328 versibus
332 4276 393 4326 clam
408 4275 579 4346 srrbscriprcrat
598 4283 743 4329 Damaratus
765 4282 840 4346 Spar·

408 4360 479 4413 tiata.

11 4533 12 4546 γ
76 4477 169 4528 Audaces
181 4493 189 4529 ι
203 4479 317 4545 quornm
331 4495 449 4545 nusquam
462 4496 515 4530 mea
526 4479 616 4530 cassida
629 4490 706 4547 paret.

162 4615 216 4681 389.
231 4615 353 4681 Quoesr'tus
363 4611 394 4664 ab
409 4620 556 4683 Imperatore
573 4615 624 4666 irae
637 4615 740 4668 addidit.

12 4719 21 4795 ί,
48 4762 52 4772 ·
76 4729 167 4798 Scriptor
176 4751 231 4800 ego,
244 4736 319 4787 lidum
332 4736 378 4786 sibi
392 4753 462 4802 quern
475 4738 522 4786 duo
533 4739 630 4788 uiciniae
640 4749 740 4803 norunt,

78 4816 131 4865 ltars
141 4817 200 4870 imos
211 4830 235 4872 et
246 4822 323 4873 uncti
332 4831 411 4872 custos
422 4821 547 4872 Heliconis
558 4822 647 4888 Apollo

257 4961 314 5024 ³9⁰·
332 4974 487 5008 mercensis
503 4975 629 5009 sursunt.

80 5087 159 5139 Userat
168 5091 247 5143 infelix
256 5109 286 5144 ex
294 5111 320 5144 se
330 5093 376 5144 tris
385 5093 469 5143 iuuere
483 5104 570 5156 meter,

106 5173 204 5224 Ῑνιιιιιιιι
214 5175 295 5229 aridos
304 5177 329 5226 in
341 5193 384 5228 rua
395 5177 481 5227 damna
492 5181 564 5237 Deos,

82 5251 108 5300 Ul
117 5257 200 5322 peperit
213 5269 338 5325 quartum,
349 5277 403 5311 cum
413 5277 455 5328 spe
467 5277 515 5312 non
528 5260 649 5312 contrahit
662 5261 736 5326 ultra,

169 5357 316 5396 ικτιιοωσιε.
329 5361 357 5397 u.

918 917 1068 968 Thessaliam
1082 919 1164 982 jacere
1183 921 1261 970 totam
1278 920 1325 970 sub
1342 921 1466 972 AEneadis.

1213 1065 1268 1112 388.
1289 1065 1344 1114 389.

951 1199 987 1244 llo
998 1199 1046 1245 hrec
1055 1199 1188 1258 subscripsit
1198 1201 1274 1252 mites,
1284 1201 1366 1250 dictust
1376 1206 1455 1247 autern
1463 1204 1553 1258 tholam
1560 1214 1614 1248 esso.

888 1334 973 1384 Audax
990 1337 1027 1386 est
1038 1352 1048 1386 .·
1060 1349 1108 1385 uon
1121 1336 1187 1386 enim
1198 1350 1261 1388 meae
1274 1337 1349 1402 goleoe
1365 1337 1450 1389 rident
1463 1339 1574 1390 frontem.

889 1474 946 1518 ilelu
963 1477 1105 1533 imperatore
1116 1475 1223 1520 laudante
1234 1479 1257 1520 et
1272 1477 1428 1526 subscribente
1440 1479 1539 1524 Ostende
1550 1479 1609 1523 mitri
1619 1491 1670 1534 ριιιε

1192 1554 1225 1598 sis
1234 1555 1347 1612 rescripsit
1359 1571 1366 1600 ι

889 1663 949 1710 Sum
960 1660 1059 1724 qudem
1071 1660 1236 1712 benc-loricati
1249 1663 1334 1713 lilartis
1346 1665 1482 1728 pugnatam

888 1762 942 1799 sum
953 1761 1011 1799 vero
1024 1751 1050 1799 et
1062 1748 1169 1800 tammus
1182 1749 1300 1800 Heliconii
1312 1751 1441 1814 Apollinis,

887 1835 947 1899 ipsis
964 1835 989 1885 iu
1004 1835 1089 1900 primis
1098 1836 1189 1886 citatus
1199 1837 1367 1889 bellatoribus.

1058 1983 1111 2031 390.
1128 1982 1323 2034 MENECRATIS
1344 1985 1499 2033 SMYRNAEI.

887 2119 987 2170 hiberos
1001 2133 1074 2184 snper
1087 2120 1180 2184 priores
1189 2121 1240 2184 iam
1251 2122 1349 2172 tertium
1361 2123 1385 2173 in
1399 2124 1453 2188 igne
1468 2127 1548 2176 mater
1580 2091 1581 2094 ί

820 2239 822 2244 -
920 2220 1026 2270 ponens,
1038 2210 1064 2257 et
1073 2208 1223 2273 inexpletum
1235 2209 1372 2262 demonem
1386 2211 1514 2274 incusans,

888 2297 1004 2358 quartum
1018 2294 1129 2347 dolorem
1140 2298 1244 2362 peperit,
1255 2302 1281 2349 et
1292 2313 1342 2350 non
1357 2302 1509 2365 exspectarit
1520 2303 1624 2354 incertas

919 2397 991 2448 spes,
1004 2384 1048 2436 sed
1062 2385 1086 2434 in
1099 2385 1153 2448 igne
1170 2386 1253 2437 virum
1265 2388 1348 2452 poenit
1360 2388 1494 2451 infantem,

889 2492 901 2516 a
919 2475 972 2522 lton
986 2473 1084 2538 dem»,
1103 2472 1201 2536 eirene,
1215 2495 1227 2519 «ι
1241 2476 1300 2538 qnid
1313 2477 1377 2527 enirn
1385 2478 1472 2540 jurat?
1485 2482 1670 2530 orcomannua

919 2560 1034 2611 laboratis
1050 2597 1056 2610 .
1070 2561 1183 2614 lucrabor
1193 2563 1289 2614 luctum
1300 2565 1575 2618 minus-laboriosum.»

1177 2720 1231 2768 891.
1250 2718 1383 2767 morini.

887 2852 1050 2900 iuventutem
1061 2849 1086 2900 ln
1102 2851 1318 2902 certaminalnctae
1334 2853 1444 2903 exercuit
1460 2854 1568 2904 robustro

918 2937 1023 3003 Neptuni
1035 2941 1061 2989 et
1073 2938 1144 2990 toris
1155 2939 1209 2990 hnc
1223 2939 1327 2990 soboles.

887 3031 941 3079 Stat
956 3031 1039 3079 autem
1052 3027 1089 3079 eis
1102 3031 1226 3080 conamen
1237 3042 1287 3079 non
1301 3043 1397 3080 aeneum
1413 3029 1477 3080 circa
1489 3029 1607 3090 lebetem,

918 3115 962 3166 sed
972 3119 1028 3166 uter
1039 3116 1114 3166 ritorn
1126 3115 1220 3167 ridebit
1232 3119 1276 3167 aut
1290 3120 1405 3167 mortem.

887 3205 966 3255 Antei
977 3217 1049 3255 oesns
1061 3209 1119 3267 σει,-
1131 3204 1202 3256 decet
1213 3209 1294 3257 autern
1308 3207 1438 3258 Herculem
1450 3206 1547 3258 vincere

918 3294 1085 3345 filiumtoris.
1118 3294 1263 3359 Argivorum
1272 3295 1339 3345 lucto
1348 3297 1393 3356 est,
1403 3309 1453 3345 non
1463 3295 1576 3360 libyum.

1166 3449 1221 3496 392.
1248 3453 1387 3500 luenti.

887 3576 979 3639 siquis
993 3575 1179 3640 snspenderese
1196 3575 1324 3636 tormidet,
1335 3575 1380 3627 sed
1390 3578 1496 3626 mortem
1505 3575 1588 3638 cupit,

918 3678 947 3714 ex
964 3663 1087 3728 ilierapoli
1098 3663 1210 3727 frigidam
1222 3677 1311 3726 aquarn
1320 3663 1405 3714 bibito.

920 3826 966 3876 Sed
979 3825 1059 3874 risum
1074 3841 1177 3892 puerum
1191 3825 1260 3890 pouit
1271 3826 1296 3874 in
1308 3825 1362 3889 igne
1370 3824 1439 3889 rogi;

888 3911 918 3958 Et
928 3922 988 3968 nou,
1002 3907 1090 3973 inquit,
1103 3908 1175 3959 alam.
1185 3906 1236 3956 Diti
1249 3923 1293 3956 cur
1306 3916 1389 3956 nostra
1399 3907 1538 3956 ministrent

920 3988 1018 4039 Ubera?
1027 3989 1075 4038 sint
1086 3989 1163 4038 luctus
1177 3988 1267 4055 absque
1275 3989 1359 4038 labore
1373 3987 1429 4038 mei.

1188 4151 1246 4212 391.
1263 4165 1377 4204 prorrrrr.

1127 4286 1164 4331 De
1180 4280 1283 4332 Hercule
1296 4292 1319 4330 et
1331 4285 1429 4332 Aatoeo.

887 4453 914 4496 ln
929 4447 994 4496 lucta
1005 4447 1068 4496 sires
1077 4447 1233 4512 exploravere
1243 4447 1362 4512 jurante,

918 4531 1032 4596 Neptuno
1043 4538 1106 4578 utus
1120 4527 1175 4590 hic,
1190 4537 1285 4579 etsatus
1296 4529 1338 4577 illc
1350 4532 1411 4578 Jove
1427 4543 1435 4578 t

886 4615 941 4663 Non
952 4628 983 4661 er
992 4627 1039 4662 ατο
1055 4611 1120 4661 lebes
1129 4611 1234 4678 pretium
1248 4611 1384 4662 certaminis
1396 4610 1477 4678 hujus,

918 4697 963 4746 sel
974 4705 1096 4762 superaret
1107 4704 1173 4752 uter,
1189 4696 1231 4746 sed
1244 4705 1379 4745 moreretur
1394 4704 1456 4746 uter.

884 4779 980 4830 Occidit
990 4785 1087 4829 Antreus
1098 4795 1106 4829 ι
1119 4795 1163 4846 par
1174 4788 1210 4830 est
1218 4782 1279 4830 Jove
1292 4779 1387 4828 sincere
1398 4788 1497 4839 natum3

917 4867 992 4914 Lucta
1007 4879 1103 4930 quoque
1111 4861 1227 4928 Argirrim
1238 4862 1329 4928 glorie,
1343 4877 1392 4912 non
1405 4860 1515 4927 Libyam.

1182 5027 1240 5090 39²·
1263 5041 1374 5077 rucnrr.

883 5179 907 5231 Si
918 5176 972 5244 quis
980 5192 1044 5227 amas
1060 5184 1179 5232 mortem,
1195 5175 1237 5224 sed
1248 5185 1272 5226 te
1284 5173 1428 5240 suspendere
1437 5188 1485 5223 uon
1500 5174 1552 5236 ris,

915 5264 986 5312 Sacra
998 5259 1116 5326 Phrygum
1132 5259 1219 5325 gelidas
1229 5258 1287 5308 urbe
1299 5257 1342 5309 tibi
1356 5257 1447 5326 prebet
1459 5272 1542 5322 aquus.

1344 5370 1346 5374 ¹
1543 5351 1558 5391 θ
