3774 5914
422 481 548 542 CAPUT
569 483 620 542 lx.
642 481 929 546 Errutrnhhhun
950 485 1287 548 DEMONSTRATIVA.
1590 499 1648 558 133

110 631 172 682 652.
199 615 403 676 rornlnu'ot·
426 617 505 676 tho
528 618 591 678 un.
615 619 771 679 ΑΙΙῪΙΙΤ.

306 740 347 794 Εἰς
359 738 425 788 οἷκον
440 738 560 788 ἐπίπεδον.

62 869 122 948 Ὠρη
136 862 258 945 ἀνωρθχω
271 862 370 943 θέρεος,
385 864 431 922 καί
451 866 562 943 χείματι
577 865 684 934 θοίλπω,

94 955 218 1020 τοίλλιπίς
231 953 324 1034 ὡραίων
335 952 360 1022 ii
373 953 464 1028 lpidus
476 952 611 1033 παρέχων.

199 1103 266 1155 653.
290 1094 458 1154 nideror
480 1094 671 1154 Exonnz'r‘.

175 1208 213 1263 Εἰς
222 1208 287 1257 οἷκον
301 1207 409 1270 κείμενον
424 1207 447 1256 ἐν
460 1207 515 1270 dhes
530 1207 554 1256 lv
566 1207 692 1270 Βυζαντίῳ.

61 1363 70 1384 ι
86 1336 136 1402 Τῆς
149 1330 251 1408 Ἀρετῆς
265 1330 364 1406 ἱδρῶτα
381 1327 434 1388 θεοὶ
450 1328 626 1408 προπάροιθεν
645 1329 743 1401 ἔθηκαν
753 1356 779 1409 ν,

94 1421 188 1477 ἔννεπεν
199 1417 353 1495 Ἀσκραῑος,
370 1417 447 1490 δῶμα
460 1415 520 1474 τόδε
537 1417 684 1493 προλέγων.

61 1507 172 1582 Κλίμακα
184 1505 233 1581 γὰρ
242 1507 341 1574 τοιναὴν
353 1503 454 1582 περόων
465 1503 609 1582 κεκαρηότι
624 1507 725 1582 ταρσῷ,

91 1597 173 1667 ἱδρῶτι
187 1591 325 1671 πλαδαρὴν
338 1591 486 1670 ἅμρεθίηνα
500 1593 603 1669 κόμην·
671 1611 677 1624 ·

59 1683 122 1762 opit:
134 1683 154 1740 δ’
167 1682 303 1750 εἰσενόησα
319 1669 483 1752 θαλασσαίην
491 1679 643 1759 περιωπήν.

95 1772 140 1832 Ναὶ
155 1771 220 1848 τοίχα
240 1773 287 1840 τῆς
303 1769 409 1847 Ἀρετῆς
423 1768 599 1827 ’πιστότατον
616 1769 742 1844 θάλαμοι.

144 1923 209 1972 654.
233 1911 446 1971 turrianos
467 1910 547 1970 nilo
568 1911 630 1968 t'h.
654 1910 725 1968 hii'.

298 2026 338 2080 Εἰς
352 2023 484 2087 ἀφύλακτον
494 2023 568 2072 οἷκον.

59 2151 201 2228 Κερδαλίους
215 2150 316 2217 δίζεσθε
330 2145 436 2223 δόμους,
451 2143 602 2226 ληΐστορες,
614 2146 724 2213 ἄλλους·

91 2239 167 2298 τοῖσδε
181 2238 231 2316 γάρ
250 2240 308 2296 ἐστι
323 2233 405 2317 ριίλαξ
418 2235 559 2310 ίμπεδοςὴ
574 2234 660 2306 πενίη.

318 2377 382 2430 655.
401 2379 540 2426 hannon.
564 2405 567 2410 ·

211 2481 250 2535 Εἰς
262 2479 304 2527 τὸν
317 2477 431 2541 τρίκλινον
445 2483 487 2536 τῆς
501 2476 652 2539 Μοιγναίιρας.

59 2599 190 2677 ’(λτραλίως
204 2597 371 2656 τολύπευσεν
386 2596 459 2656 τόνδε
473 2597 552 2672 δόμον
568 2596 705 2672 βασιλῆες,

59 2690 144 2768 αίγμὴν
156 2685 340 2765 ὀλόοδότειραν
355 2685 407 2744 αἰπθ
422 2692 546 2765 σταυροῖο
559 2683 703 2762 λαχόντες,

59 2776 121 2839 αὐτὸς
136 2772 194 2841 ἅναξ
209 2772 348 2851 Ἡρακλῆς
362 2771 408 2830 σθν
423 2771 617 2850 Κωνσταντίνῳ
635 2761 682 2829 υἷϊ.

341 2912 404 2963 656.
424 2914 520 2960 huno,

60 3016 90 3072 u<
105 3015 139 3064 τὸν
155 3014 218 3063 οἶκον
236 3013 278 3062 τὸν
291 3013 456 3076 ἐπιλεγόμενον
472 3012 569 3069 Χαλκῆν
583 3011 606 3058 ἐν
621 3017 655 3075 τῷ
670 3011 796 3073 Παλατίῳ,
811 3011 823 3057 ὃ

238 3081 320 3132 ἔκτισε
333 3082 484 3140 Ἀναστοὶσιος
503 3084 620 3146 βασιλεύς.

59 3196 125 3274 Οἶκος
137 3205 316 3268 Ἀνασταοίοιο
330 3203 518 3286 τυραννορόνον
540 3207 666 3280 βασιλῆος

60 3300 137 3368 μοῦνος
148 3293 299 3372 θπερτέλλω
315 3290 508 3372 πανυπείροχος
522 3291 614 3350 οἷστισι
629 3291 723 3369 γαίης,

60 3389 134 3460 θαῦμα
147 3384 227 3465 ρίρων
241 3383 402 3454 πάντεσσιν,
418 3379 475 3441 ίπεί
489 3379 650 3459 κοσμήτορες
662 3380 744 3460 ἔργων

59 3474 108 3552 ἕψει
120 3477 180 3549 ipah
194 3471 277 3550 μῆκός
296 3496 325 3530 τε
339 3469 384 3530 καὶ
398 3469 510 3530 ἄπλετον
525 3461 598 3550 εθρος
612 3470 723 3541 ἰδόντες,

34 3582 44 3618 ι
59 3562 152 3626 isarni<
164 3562 330 3644 ίρρόσσαντο
344 3559 471 3638 πελώριον
486 3556 559 3635 ἔργον
574 3560 664 3616 ἐᾶσαι·

59 3649 112 3707 hit
125 3650 302 3725 πολυκμήτοιο
316 3648 407 3726 λαχὼν
422 3644 555 3724 πρεσὸήῑκ
570 3643 664 3722 τέχνης

266 3821 327 3868 652.
345 3832 445 3864 snorum
464 3831 591 3869 ισκιτιι,

172 3947 197 3976 es
213 3945 306 3994 genere
320 3925 489 3993 praefectorum
502 3922 682 3990 Augustalium.
699 3925 702 3930 '

230 4023 237 4036 '
295 4017 331 4061 De
341 4006 412 4057 domo
425 4007 564 4069 Campestri.

58 4110 144 4159 (altario
159 4111 241 4159 bruma
256 4109 308 4161 :do
320 4107 423 4172 frigora,
436 4122 489 4156 cum
503 4105 559 4154 furit
574 4114 648 4154 uatus.

86 4196 114 4242 Ex
124 4209 159 4242 me
172 4209 224 4259 qure
235 4199 329 4242 restant
341 4199 450 4256 tempora
464 4190 618 4254 proueniunt.

263 4307 324 4357 653.
343 4319 457 4353 ισκσιιιι
472 4319 597 4352 οκιτοιιιε.

184 4421 219 4465 De
231 4415 304 4464 domi
317 4414 342 4462 ίιι
354 4410 447 4461 sublimi
454 4412 534 4478 posito
548 4411 670 4477 Byzantii.

58 4517 156 4566 Sudorem
169 4527 223 4566 ante
237 4518 328 4565 aditum
342 4513 436 4562 virtutis
450 4513 638 4579 hilararemur,

54 4654 56 4661 ,
84 4606 165 4649 Aura
176 4599 240 4649 haud
252 4599 302 4647 alio
314 4599 344 4645 de
356 4597 406 4646 lare
418 4597 487 4646 Musa
501 4594 575 4644 canit.

60 4683 107 4729 iau
118 4681 184 4744 mihi,
200 4698 243 4748 per
254 4682 331 4732 scalas
345 4680 439 4731 alterno
452 4678 509 4728 dum
522 4678 583 4743 pede
597 4678 672 4738 nitor,

86 4762 182 4814 iiumiue
192 4764 288 4814 sudoris
300 4762 458 4829 permaduere
470 4775 557 4820 οοιιιεις

61 4849 182 4908 ῖηαοιεασι
194 4863 289 4897 summo
301 4845 421 4912 speculam
433 4843 473 4892 sed
487 4843 576 4891 vertice
588 4840 636 4891 ridi
651 4858 658 4892 :

85 4929 164 4980 vinno
175 4931 234 4980 tidus
242 4931 335 4979 scilicet
346 4929 390 4977 iste
403 4929 476 4976 iocus.

270 5037 330 5093 654.
347 5051 444 5083 suriani
462 5049 587 5094 nourrii,

175 5153 205 5184 es
214 5151 307 5202 genere
315 5131 487 5200 praefectorum
499 5128 679 5195 Augustalium.

227 5219 263 5265 De
275 5212 348 5264 domo
360 5210 516 5272 iircnsloriitn,
527 5208 646 5276 joorriure.

34 5279 36 5316 ί
63 5312 386 5372 ianuamianuaim
401 5313 464 5359 luem
478 5307 587 5374 querite,
602 5307 680 5356 iures:

954 632 1011 690 Ι662.
1028 629 1151 678 JL'LIANI
1167 629 1208 678 Ex
1225 631 1417 680 consuimus
1433 635 1568 686 AEowrl.

1096 744 1123 786 ln
1132 741 1226 787 domum
1236 743 1260 786 in
1275 744 1344 799 plano
1353 745 1427 789 sitam

871 866 989 927 Tempore
1002 865 1118 928 refrigero
1130 867 1237 930 astatis,
1251 871 1278 918 et
1291 869 1371 919 hieme
1383 869 1512 931 calefacio,

901 953 1042 1016 quod-delii
1059 955 1269 1020 anui-temporum
1284 970 1350 1008 eme
1360 958 1482 1023 praebens.

1035 1099 1090 1144 653.
1107 1097 1257 1146 AGATHIAE
1272 1098 1483 1148 sohohnsulcl.

1019 1208 1044 1250 ln
1055 1207 1149 1254 domum
1160 1209 1226 1254 sitam
1244 1210 1267 1254 in
1282 1211 1382 1257 culmine
1395 1213 1507 1268 oyzuuii.

872 1351 883 1372 o
901 1334 964 1380 Ante
978 1331 1096 1383 uirtutem
1111 1334 1226 1384 sudorem
1241 1335 1276 1386 dii
1289 1341 1425 1400 posuerunt
1436 1315 1466 1404 ο,

901 1419 977 1468 edixit
986 1423 1113 1482 Ascraeus,
1125 1421 1227 1472 domum
1240 1425 1331 1475 hancce
1343 1425 1485 1488 praedicens.

870 1508 965 1558 scalam
975 1509 1041 1559 enim
1053 1509 1217 1575 longissimam
1230 1513 1352 1576 traiicicos
1362 1515 1485 1565 anhelanti
1497 1516 1559 1577 talo,

901 1596 991 1647 sudore
1004 1598 1131 1648 humidam
1144 1599 1263 1652 madefeci
1278 1615 1390 1660 comam

871 1686 897 1734 at
910 1686 935 1734 in
951 1685 1043 1736 vertice
1056 1687 1171 1750 conspexi
1184 1689 1332 1738 maritimam
1349 1691 1482 1754 specuum.

901 1775 945 1823 Na
961 1773 1045 1836 utiquc
1063 1773 1106 1825 hic
1120 1775 1225 1827 Virtutis
1237 1776 1372 1828 fidissimus
1383 1779 1514 1831 thalamus.

957 1919 1012 1963 ost.
1031 1917 1153 1966 suriant
1171 1919 1213 1968 Ex
1227 1918 1419 1969 consumans
1435 1923 1571 1972 AEGYPTi.

1109 2033 1134 2074 tn
1148 2031 1241 2076 domurn
1252 2032 1421 2080 incustoditam.

873 2145 992 2193 Lucrosas
1001 2145 1103 2207 querite
1119 2144 1218 2207 domos,
1229 2146 1395 2212 praedatores,
1411 2149 1488 2202 alios:

901 2230 968 2281 hisce
979 2231 1044 2282 enim
1060 2233 1098 2283 est
1109 2235 1192 2282 custos
1204 2233 1340 2286 certissima
1350 2239 1487 2300 paupertas.

1151 2379 1204 2422 655.
1235 2385 1372 2427 incanui.

1106 2491 1131 2532 in
1146 2489 1270 2534 triclinium
1281 2491 1418 2544 magnaura.

871 2614 977 2680 impigra
989 2615 1146 2668 elaborarunt
1159 2617 1222 2667 liano
1235 2617 1336 2668 domurn
1350 2632 1435 2682 reges,

869 2703 965 2755 hastam
975 2703 1245 2755 divitiarumdatnoem
1258 2719 1272 2755 a
1283 2719 1355 2755 cruce
1370 2706 1466 2768 sortiti,

870 2792 921 2856 ipse
931 2806 975 2843 rex
988 2793 1107 2844 Hercules
1120 2807 1176 2843 cum
1190 2795 1348 2844 constantino
1363 2794 1421 2844 htio.

1163 2925 1218 2969 656.
1241 2930 1348 2972 notun.

871 3023 897 3067 in
910 3023 1005 3069 (toruum
1015 3028 1153 3080 cognomine
1167 3029 1265 3074 chalcen
1277 3030 1300 3072 in
1310 3025 1405 3083 palatio,
1416 3025 1477 3084 quod
1486 3026 1587 3071 condidit
1600 3031 1656 3070 hna-

1198 3110 1276 3154 stastus
1286 3121 1331 3152 mx.

872 3219 964 3267 Domus
976 3218 1098 3268 Anastasii
1112 3217 1269 3281 tyrannicidas
1282 3218 1345 3281 regis

870 3304 922 3354 sola
935 3305 1031 3355 amineo
1042 3307 1215 3356 omninoelata
1226 3307 1381 3356 inter-urbes
1394 3309 1480 3366 torro,

871 3391 1059 3444 admirationem
1078 3395 1160 3445 terens
1173 3394 1300 3455 omnihus,
1321 3407 1399 3457 quum
1411 3397 1535 3442 curatores
1551 3407 1652 3456 operum

869 3481 1033 3532 excelsitatem
1040 3482 1111 3533 simul
1117 3481 1494 3548 longitudinemqueetinhnitam
1501 3481 1653 3532 latitudinem

869 3568 987 3621 intectum
996 3571 1132 3634 cogitarunt
1140 3570 1277 3622 maximum
1287 3583 1350 3633 opus
1361 3570 1440 3621 sinere
1452 3591 1458 3618 ι
1500 3569 1652 3636 [corispiruti

870 3657 911 3707 scd
926 3658 1055 3709 lahoriosae
1071 3660 1172 3710 sortitus
1186 3657 1348 3724 principatum
1364 3658 1423 3708 artis

905 3822 965 3868 thric
979 3837 1022 3886 pro
1037 3823 1134 3872 custode
1146 3831 1194 3882 est,
1208 3821 1272 3870 intus
1284 3820 1375 3870 hahere
1387 3820 1458 3869 nihii.

1169 4003 1226 4051 655.
1244 4017 1351 4050 incurri.

1096 4147 1132 4191 De
1146 4140 1258 4190 Triclinia
1271 4143 1428 4204 Magusum.

869 4306 976 4357 Eiiecere
985 4305 1083 4354 domum
1095 4318 1144 4352 non
1158 4315 1243 4365 magno
1256 4308 1365 4364 tempore
1377 4305 1481 4350 tantam,

869 4389 917 4439 Sub
929 4387 1006 4437 crucis
1017 4383 1127 4451 auspiciis
1140 4383 1218 4433 leticia
1229 4391 1322 4446 sceptra
1334 4388 1454 4435 tenentes,

869 4475 928 4523 Cum
943 4468 1099 4520 Constantino
1112 4475 1168 4515 nuto
1181 4474 1249 4531 pater
1260 4462 1395 4512 Heraclius.

911 4650 969 4698 656.
989 4651 1024 4695 De
1036 4643 1107 4693 ιίοιιιο
1118 4641 1183 4691 dicto
1199 4638 1300 4702 Circulos,
1316 4641 1347 4685 ed
1361 4635 1493 4686 Αιιιιιιιιιίο
1507 4642 1614 4693 strrrcln,

1079 4729 1103 4776 in
1115 4724 1210 4796 palutio
1222 4717 1439 4788 Constantinopoli.

869 4885 939 4948 Regis
951 4882 1082 4938 Anastasii.
1095 4879 1140 4929 suh
1153 4894 1202 4944 quo
1215 4875 1323 4926 cecidere
1337 4872 1447 4940 tyranni,

868 4972 925 5018 Sum
938 4967 1016 5030 labor,
1028 4982 1077 5016 una
1089 4964 1185 5019 domus,
1200 4961 1242 5010 scd
1255 4957 1348 5009 cunctis
1361 4955 1463 5005 urbibus
1474 4960 1567 5001 εκιιαιιε

869 5050 1014 5114 Prodigium.
1050 5050 1113 5097 Nam
1125 5060 1180 5094 cum
1192 5042 1282 5103 mensi,
1297 5039 1364 5105 queis
1376 5037 1432 5087 tatia
1444 5050 1520 5094 curn,

869 5138 947 5196 Quam
959 5132 1023 5182 ioret
1034 5131 1082 5179 uita
1094 5129 1193 5186 domus,
1206 5139 1278 5191 quam
1291 5123 1360 5187 ionga
1372 5135 1399 5169 ac
1412 5120 1459 5167 iata
1472 5125 1578 5184 pateret,

869 5215 999 5266 suasissent
1009 5211 1108 5261 nimiam
1119 5217 1183 5262 tecto
1195 5208 1246 5256 sine
1258 5205 1367 5269 linquere
1379 5201 1475 5254 motem.

868 5303 927 5349 Tam
941 5297 1049 5348 miranda
1059 5309 1159 5360 operum
1173 5287 1291 5340 condendi
1306 5286 1397 5354 primus
1408 5283 1433 5332 in
1446 5297 1500 5330 arce
