3734 5920
208 417 267 476 344
769 405 1023 468 ANTHOLOGIAE
1045 401 1246 464 l‘ALATlNAE

247 545 293 604 itai
307 543 415 625 ροόερθν
430 542 531 614 πύκτην
545 541 659 618 σήμερον
675 530 748 617 εθρον
761 537 823 598 ἔσω.

1063 545 1089 592 et
1101 540 1235 592 terribilem
1249 538 1355 603 pugilem
1364 535 1437 586 hodie
1448 534 1528 585 inveni
1538 534 1616 584 irrtus.
1659 533 1785 598 [domum’.

209 628 257 696 Ὦς
267 631 288 688 θ’
299 629 399 708 ἔλεγον,
412 630 472 691 «Σὺ
484 628 523 695 τίς
535 618 574 707 s'i3
586 628 664 686 πόθεν
677 625 769 697 ἤλυθες
780 626 906 704 ἡμετέρου
918 625 954 682 δῶ
964 641 992 692 ;u
1033 630 1082 680 Ubi
1100 631 1185 679 eutem
1205 625 1270 690 dixi,
1289 646 1301 669 α
1316 627 1354 674 Τυ
1371 623 1428 688 quis
1445 626 1489 674 es?
1510 622 1577 672 unde
1593 621 1678 672 venisti
1699 627 1787 674 nostran

248 718 401 797 πυγμαχίης
411 718 470 776 κατ’
481 719 545 792 ἐμοῦ
558 724 648 796 χεῖρας
661 712 770 794 ἀνέσχεν
785 713 850 774 ἀνω.

1064 717 1245 782 ad-pugilutum
1257 715 1282 764 Ιιιι
1293 726 1333 764 me
1342 725 1430 762 munus
1441 711 1543 761 sustulit
1552 708 1674 760 inultum.

168 828 182 863 ιι
209 805 309 866 Ψάττα
324 803 346 863 θ’
360 803 412 882 ἐγὼ
425 801 579 878 κατέτεινα,
594 800 751 881 φοόεθμενος
766 801 855 881 ἄγριον
868 799 969 879 ἄνδρα,
1035 805 1152 856 celeriter
1161 817 1206 868 ego
1218 802 1282 867 lugi,
1291 801 1381 852 timens
1394 799 1578 860 ternmrirum,

202 910 205 916 '
248 889 292 950 τθν
305 889 416 962 πτιατλν
430 887 532 962 πύκτην
547 889 669 960 ἐξαπίνης
682 887 772 968 ὁρόων.

1067 891 1329 957 ρθεαιιαισ-ηυί-ραταί
1341 889 1449 954 pugilem
1460 889 1560 952 repente
1568 887 1660 938 videus.

210 977 290 1040 Ἀλλά
304 1002 350 1058 σε,
363 976 428 1060 πρδς
441 976 541 1038 πύκτου
557 975 735 1042 Πολυδεύκεος
751 975 797 1046 ἠδὲ
811 975 857 1034 καὶ
872 979 951 1034 αὐτοῦ
1037 988 1070 1035 At
1080 985 1121 1046 tc,
1131 995 1175 1047 per
1186 980 1295 1047 pugilem
1308 980 1449 1041 Pollucem,
1462 982 1488 1030 et
1501 978 1583 1044 ipsum
1597 993 1690 1043 proque

250 1067 400 1146 Κάστορος,
411 1068 550 1138 ἱκνοῦμαι,
565 1063 611 1124 καὶ
625 1063 686 1130 Διὸς
701 1062 813 1132 ἱκεσίου,

1068 1074 1209 1132 castorem,
1220 1084 1275 1131 oro,
1286 1073 1313 1120 et
1323 1071 1462 1132 persovere
1476 1067 1759 1131 supplicum-presidem,

210 1153 253 1212 e'ov
268 1152 369 1224 πύκτην
385 1152 560 1232 ἀπόκρσυσον,
576 1151 639 1227 ἐμὸν
652 1151 739 1229 χσλσν·
755 1153 784 1208 αὖ
799 1149 913 1226 δύναμαι
927 1148 978 1228 γδρ
1037 1157 1143 1222 pugilem
1154 1155 1324 1216 eme-rejice,
1334 1167 1413 1204 meum
1424 1154 1497 1204 bilem
1510 1173 1516 1203 ι
1527 1166 1575 1202 aon
1588 1167 1682 1216 possum
1693 1158 1749 1206 enim

158 1262 185 1300 τε
250 1238 386 1300 πυκτεύειν
400 1238 521 1306 καθάπαξ
536 1238 615 1314 μηνθς
627 1235 816 1317 ἐπερχομένου.

320 1405 387 1455 352.
409 1394 577 1454 atteror
599 1393 882 1453 ΣΧΟΛΑΣἸῚΚΟΥ.

213 1537 237 1595 Τ
238 1535 265 1592 iv
279 1534 358 1616 σορὸν
372 1536 398 1593 ἓν
411 1533 524 1614 κιθάρῃ,
540 1533 585 1593 τδν
599 1532 723 1610 μουσικὸν
735 1532 905 1613 Ἀνδροτίωνα

254 1621 336 1700 εἴρετό
351 1645 389 1689 τις
403 1620 476 1694 τοίην
492 1621 670 1698 κρουματικὴν
686 1622 789 1703 σορίην·

217 1741 227 1760 ι
243 1708 383 1789 Δεξιτερὴν
396 1709 498 1781 ὑπάτην
510 1712 587 1768 ὁπότε
602 1709 759 1789 πλήκτροισι
772 1711 900 1784 δύνησας,

257 1827 268 1849 ι
284 1803 301 1870 ἡ
316 1798 379 1870 ieri
393 1798 460 1870 νήτη
475 1798 605 1857 πάλλεται
619 1798 774 1875 αὐτομάτως

173 1909 189 1946 e
217 1919 227 1938 ι
244 1887 336 1946 λεπτὸν
352 1886 543 1966 θποτρίζουσα,
558 1888 603 1945 καί
619 1887 759 1946 ἀντίτυπον
775 1886 917 1966 τερέτισμα

258 2004 270 2026 a
288 1975 404 2054 serique,
419 1979 465 2047 τῆς
479 1975 546 2046 ἰδίης
560 1976 746 2051 πλησσομένης
760 1976 877 2058 ὑπάτης·

220 2093 231 2114 ι
249 2061 317 2124 ὥστε
333 2087 366 2141 με
380 2063 520 2139 θαυμάζειν
536 2065 591 2130 πῶς
608 2063 693 2122 άπνοα
707 2069 785 2142 νεῦρα
799 2062 910 2122 ταθέντα

258 2180 270 2204 α
284 2157 301 2224 ἡ
316 2151 390 2232 φύσις
405 2151 528 2222 ἀλληλοις
543 2152 643 2222 θήκατο
657 2151 825 2227 copretis.-

217 2241 267 2307 Ὃς
282 2239 309 2299 δὲ
322 2239 365 2300 τθυ
379 2242 407 2298 ἐν
421 2239 592 2319 πλήκτροισιν
609 2239 792 2320 ἈρισταἜεινον
807 2239 903 2316 ἀγητὸν

164 2347 190 2384 m
257 2326 346 2404 ὤμοσε
358 2327 395 2405 μὴ
408 2332 506 2404 γνῶναι
518 2328 595 2398 τήνδε
608 2327 779 2402 θεημοσύνην·

221 2443 232 2467 ι
250 2414 360 2476 'Eucti'
372 2442 384 2467 υ
397 2414 548 2496 ίμηιλύοις
559 2415 615 2486 ἥδε·
625 2414 658 2473 ed
669 2414 757 2495 νευρία
771 2413 859 2473 πάντα
876 2415 999 2473 τέτυκται

257 2531 268 2556 α
285 2501 311 2571 ἒξ
323 2503 374 2570 tio<
385 2503 506 2582 χθλάδυιν
518 2501 624 2580 ἄμμιγα
635 2502 807 2579 τερσομίνων·

217 2619 229 2644 ι
247 2589 365 2651 τούνεκεν
380 2590 444 2651 cleis
460 2590 573 2670 ἀδελφὰ,
585 2589 631 2650 καὶ
643 2593 678 2656 ὡς
693 2589 812 2671 ξύμρυλα
828 2597 949 2668 συνηχεῑ,

257 2705 270 2729 α
285 2675 402 2756 ξυγγενὲς
416 2676 538 2748 ἀλλήλων
551 2678 654 2758 φθέγμα
670 2677 838 2756 μεριζόμενα.

164 2791 189 2831 ss
221 2791 233 2815 e
251 2762 353 2836 Γνήσια
368 2764 420 2843 γὰρ
435 2763 497 2822 τάδε
512 2764 612 2836 πάντα,
630 2767 691 2839 μιῆς
704 2763 750 2823 ἅτε
764 2763 876 2843 γαστρὸς
888 2763 978 2838 ἐόντα,

259 2849 395 2908 «καὶτῶν
411 2851 558 2910 ἀντιτύπων
573 2851 732 2928 κληρονομεῖ
747 2853 886 2929 πατάγων.

219 2965 230 2988 ·‹
247 2935 300 2998 Καί
311 2936 362 3017 γθρ
377 2937 457 3004 δεξιὸν
472 2937 547 3013 ὄμμα
559 2938 720 3016 κακούμενον
737 2939 839 3016 ὄμματι
852 2940 920 3020 λαιῷ

258 3053 271 3079 ι
288 3025 402 3084 πολλάκι
414 3025 473 3093 τοὺς
484 3026 562 3092 ἰδίους
573 3028 724 3086 ἀντιδίδωσι
738 3027 857 3096 πόνους..

467 3183 538 3234 353.
560 3175 752 3233 ulturus.

217 3324 384 3405 ‘Eppeiieou
397 3325 514 3405 θυγάτηρ
527 3325 635 3404 μεγάλῳ
648 3323 795 3403 παρέλεκτο
805 3323 923 3402 πιθόμῳ·

262 3416 279 3483 ἡ
294 3413 317 3470 δ’
331 3411 417 3470 ἔτεκεν
430 3411 540 3478 πολλοὺς
552 3410 804 3490 Ἑρμοπιθηκιάδας.

220 3503 254 3561 lii
267 3501 289 3557 δ’
303 3499 440 3570 Ἓλίνηνό
455 3498 519 3564 Ζεὺς
533 3499 578 3557 καί
594 3499 717 3578 Κάστορα
733 3497 779 3557 καί
793 3495 963 3570 Πολυδεύκην

259 3590 290 3646 ἐκ
305 3587 396 3659 Λήδης
407 3585 504 3658 ἔτεκεν,
518 3587 611 3645 κύκνον
626 3586 824 3665 ἀμειψάμενος,

219 3672 349 3753 Ἐρμιόνη
363 3695 393 3748 γε
404 3671 484 3750 κόραξ
499 3671 672 3750 παρελέξατο·
685 3676 702 3742 ἡ
721 3672 748 3730 δὲ
762 3671 873 3730 τάλαινα

253 3847 362 3908 Apparet
371 3842 412 3890 sed
424 3857 488 3891 nune
505 3856 561 3890 cum
581 3842 648 3891 venit
662 3858 712 3890 esse
731 3842 805 3908 pugil.

220 3931 253 3977 Ut
268 3926 333 3990 diri,
352 3924 413 3989 Quis
429 3929 471 3974 es?
490 3924 554 3974 unde
568 3925 635 3974 aenis
646 3922 676 3974 ad
689 3924 773 3974 lintius
791 3929 890 3976 nostre?

252 4013 281 4058 ln
296 4024 334 4058 me
348 4007 476 4072 belligeras
489 4007 585 4058 scutulit
596 4007 638 4056 ille
653 4023 737 4056 manus
757 4023 764 4058 :

220 4090 318 4156 Absque
331 4105 398 4141 more
413 4088 475 4154 lugi,
496 4097 606 4138 metuens
621 4089 695 4138 trucis
713 4087 814 4155 hospitis
833 4089 909 4150 iram,

252 4173 298 4223 Cui
314 4172 408 4238 ptissne
423 4171 490 4220 nulla
501 4180 548 4228 est,
559 4171 601 4220 sed
613 4170 700 4220 furiata
713 4187 806 4222 manus.

178 4265 183 4273 '
219 4259 266 4305 Per
277 4262 300 4303 te
313 4253 435 4303 Pollucem
449 4252 570 4318 pugilem,
584 4269 627 4318 per
639 4254 753 4310 Castora,
775 4267 866 4318 perque

254 4337 405 4403 supplicibus
417 4334 525 4395 facilem,
542 4343 565 4384 te
577 4351 672 4402 precor,
689 4335 743 4396 sto,
760 4339 861 4386 iorem:

222 4424 270 4468 lles
283 4416 343 4467 milri
356 4419 414 4467 tolle
433 4433 525 4466 munus.
544 4418 627 4466 Toties
643 4432 764 4483 pergerem,
781 4419 891 4468 Celendae

254 4506 321 4566 Quot
337 4505 450 4566 venient,
464 4511 544 4554 tecum
562 4521 611 4554 non
629 4505 707 4562 libet,
725 4516 749 4555 ct
767 4506 867 4556 nimium
881 4515 924 4556 est.

457 4622 514 4669 sss.
534 4637 647 4668 serrum
664 4637 829 4671 summarum.

222 4723 347 4775 Artificem
359 4739 469 4790 maguum
485 4726 611 4775 testudinis
628 4727 779 4778 Androtions

255 4807 342 4857 Nescio
356 4807 413 4871 quis
431 4814 541 4864 tentans,
562 4809 620 4857 telis
633 4808 707 4858 verbs
721 4809 787 4859 dedit
801 4826 807 4860 τ

220 4892 272 4940 Cur
285 4888 383 4956 plectris
397 4887 486 4955 hypate
503 4891 597 4956 quoties
614 4889 673 4939 mihi
690 4891 775 4940 dextra
788 4891 886 4956 teritur,

256 4977 325 5022 Laeva
341 4971 412 5021 simul
429 4979 484 5022 nete
499 4988 544 5022 nec
561 4973 620 5022 mihi
640 4982 703 5025 tecta
720 4975 817 5034 tremit,

222 5058 252 5106 Et
266 5057 318 5105 leve
333 5055 391 5122 quid
406 5055 534 5124 strepitat,
550 5056 703 5123 sonitumque
720 5059 851 5124 repercutit
864 5059 948 5120 illum,

256 5143 335 5202 Quem
352 5139 450 5190 dederat
461 5139 560 5206 proprio
578 5141 679 5191 verbere
698 5149 761 5191 tacte
773 5141 840 5192 tides.

223 5221 301 5272 Miror
311 5221 343 5272 ab
359 5222 463 5272 exanimi
476 5223 595 5274 detrectes
607 5238 708 5291 τοτροτε
720 5222 837 5284 chordas,

1068 1258 1175 1310 pugnem
1189 1244 1265 1296 semel
1279 1258 1381 1311 quoque
1392 1258 1475 1296 mense
1489 1245 1638 1297 adveniente.

1208 1405 1425 1456 testemini
1440 1405 1648 1455 scuoussrlcr.

1041 1545 1151 1597 Peritum
1162 1545 1280 1607 eltheru,
1294 1547 1418 1597 musicum
1429 1545 1602 1610 Androtimem

1072 1633 1238 1698 intemogebet
1247 1633 1335 1696 aliquis
1344 1633 1423 1704 ¹telem
1432 1632 1642 1684 instrumentalem
1650 1633 1777 1684 doetnnsu.

1042 1743 1054 1766 α
1069 1726 1186 1774 Dextram
1199 1736 1340 1787 supremam
1352 1735 1430 1785 quum
1442 1723 1537 1786 plectro
1548 1721 1657 1782 movisti,

1072 1813 1135 1862 laeve
1149 1811 1232 1862 irrlirm
1245 1811 1386 1862 concutitur
1398 1814 1545 1875 sponte-sue

1043 1900 1132 1951 leuiter
1143 1899 1316 1964 substrepens,
1327 1903 1354 1949 et
1362 1899 1515 1963 reciprocum
1528 1911 1657 1949 susurrum

1073 1988 1174 2053 patitur,
1186 1987 1284 2053 proprie
1293 1988 1422 2038 verberata
1434 1997 1563 2052 supreme:

1043 2078 1078 2128 its
1087 2080 1117 2128 ut
1124 2077 1207 2138 mirer,
1217 2076 1342 2140 quomodo
1354 2076 1474 2126 inanimus
1486 2075 1592 2126 choreas
1601 2077 1679 2125 tenses

1072 2169 1161 2216 netum
1172 2165 1235 2216 inter
1246 2178 1273 2215 se
1286 2165 1373 2216 reem
1383 2165 1577 2228 sympeurices.»

1012 2285 1016 2293 -
1045 2251 1087 2302 tlle
1101 2265 1160 2302 vero
1173 2251 1199 2301 in
1211 2251 1311 2316 plectris
1324 2251 1501 2303 Aristoxenum
1514 2251 1677 2302 edmunbilem

1073 2339 1225 2402 juravitnon
1237 2339 1535 2390 tenerelrenctheuriem.
1736 2339 1784 2402 [suu

1046 2448 1057 2468 ιι
1069 2429 1115 2478 Est
1126 2430 1220 2489 autem,
1233 2427 1276 2488 ait,
1290 2428 1380 2479 solutio
1395 2427 1450 2478 hese
1461 2449 1467 2478 ι
1478 2427 1575 2479 chorus
1590 2441 1672 2478 onmes
1683 2427 1777 2478 tsbdcetc

1075 2529 1107 2566 ex
1118 2515 1173 2565 ovis
1190 2515 1327 2568 visceribus
1343 2517 1475 2580 junctis-et
1487 2516 1592 2566 sice-etis.

1044 2603 1102 2655 ldeo
1112 2607 1171 2654 sunt
1180 2617 1285 2664 somme,
1300 2607 1325 2654 et
1337 2607 1453 2667 tanquam
1462 2603 1662 2668 ejusdem-tribus
1672 2609 1775 2656 ουυεοιαιί

1076 2691 1208 2753 cognatum
1220 2690 1327 2740 inter-se
1339 2704 1428 2740 sonum
1440 2689 1586 2741 dividentes.
1701 2691 1784 2756 [uene

1045 2779 1171 2842 Legitima
1190 2778 1255 2829 enim
1267 2782 1326 2830 sunt
1337 2784 1433 2830 cuncter
1441 2779 1555 2842 soboles,
1565 2794 1616 2830 uno
1630 2781 1714 2831 seilicet
1727 2785 1787 2832 reate

1078 2869 1104 2916 et
1113 2865 1248 2931 reeipmcos
1260 2867 1620 2932 quast-nerediute-seciptunt
1629 2870 1738 2934 εειιρίίοε.

1048 2955 1143 3006 Etenim
1157 2955 1246 3006 dexter
1256 2956 1344 3006 oculus
1357 2957 1542 3008 mele-allectus
1556 2958 1629 3008 oculo
1641 2959 1697 3008 levo

1077 3056 1143 3108 supe
1153 3045 1265 3108 proprios
1273 3044 1440 3095 vicissim-det
1449 3045 1552 3098 labores.
1564 3066 1576 3091 ι

1323 3199 1379 3246 3⁵3.
1395 3197 1557 3246 remens.

1047 3325 1188 3390 Heuuolyei
1201 3325 1250 3376 tilis
1261 3339 1349 3390 magno
1361 3326 1495 3378 ooneubult
1507 3328 1593 3387 simio;

1084 3414 1138 3463 trec
1150 3416 1235 3466 summ
1245 3414 1341 3478 peperit
1351 3415 1689 3480 multosrrsrmoprtuousues.

1048 3501 1072 3550 si
1086 3515 1146 3552 vero
1160 3501 1400 3567 Heleuemluppiter
1412 3507 1438 3555 et
1448 3506 1576 3555 certarem
1590 3509 1614 3556 et
1628 3503 1735 3556 Pollureu

1081 3603 1108 3639 ev
1120 3589 1187 3640 Lede
1198 3591 1296 3654 genuit,
1309 3605 1415 3654 cycnum
1427 3592 1562 3653 mentitus,

1052 3680 1190 3728 Hermione
1202 3677 1287 3742 utiene
1300 3693 1391 3730 merus
1403 3679 1551 3738 concubuit3
1565 3681 1651 3731 misera
1664 3683 1733 3729 eutem

1084 3843 1137 3888 lloc
1152 3855 1166 3888 a
1182 3848 1269 3889 natura
1282 3838 1356 3888 lmdus
1369 3837 1459 3889 halvere
1468 3841 1559 3890 dutum.

1051 3923 1096 3972 llle
1110 3923 1166 3972 deos
1177 3923 1260 3988 jurans
1270 3957 1278 3983 ,
1290 3925 1341 3972 Nee
1356 3922 1507 3972 Aristoxinus
1520 3922 1621 3973 luberet

1084 4009 1139 4069 Quo
1156 4014 1236 4055 tantus
1250 4003 1334 4054 iidiccn
1346 4003 1449 4054 solveret
1460 4004 1538 4066 istud,
1553 4005 1601 4067 ait;

1051 4089 1096 4138 Sed
1115 4104 1173 4153 cepe
1188 4103 1344 4154 responsum:
1357 4097 1417 4153 quot
1434 4085 1507 4136 hebet
1520 4088 1573 4154 lyra
1586 4090 1675 4152 ςιτπιία
1689 4087 1775 4144 dorla,

1085 4170 1183 4219 Viscera
1195 4177 1267 4233 sunt,
1279 4185 1332 4234 (μιαν
1343 4169 1378 4218 sol
1390 4169 1457 4218 aride
1469 4168 1544 4230 lecit,
1559 4170 1618 4220 ovis.

1052 4255 1178 4300 Fraternas
1195 4251 1267 4316 igitur
1281 4251 1342 4316 leges
1356 4249 1490 4301 communis
1503 4251 1570 4316 origo

1085 4337 1163 4398 Inque
1178 4333 1255 4382 ricem
1269 4332 1361 4383 sonitus
1376 4331 1523 4399 participare
1535 4332 1609 4382 desiit.

1052 4417 1113 4465 Cum
1128 4424 1241 4466 consorte
1254 4416 1336 4464 modos
1346 4415 1445 4480 equalis
1456 4413 1542 4464 dividit
1555 4413 1642 4474 heres,

1085 4495 1183 4546 ventris
1195 4506 1223 4546 ut
1237 4495 1305 4545 unius
1317 4511 1343 4546 se
1356 4495 1443 4562 probet
1458 4511 1509 4545 esse
1521 4511 1602 4561 genua.

1052 4580 1090 4631 Sic
1107 4581 1204 4630 oculum
1220 4580 1313 4646 quotics
1329 4580 1441 4630 dextrum
1452 4581 1530 4630 malus
1542 4579 1617 4630 inlicit
1628 4579 1710 4637 Ιιιιιιιοτ,
1788 4595 1794 4620 ι

1086 4667 1168 4713 meus
1183 4662 1214 4712 alr
1227 4675 1314 4712 aretina
1329 4661 1472 4712 transitione
1487 4662 1562 4712 dolet.

1242 4841 1244 4846 ,
1336 4793 1395 4842 353.
1414 4807 1537 4842 assuens.

1053 4893 1139 4943 Simius
1150 4892 1256 4958 implevit
1270 4900 1423 4958 natam-putu
1437 4893 1598 4951 Mercurialis,
1783 4879 1808 4943 δ.

1086 4977 1156 5026 Unde
1168 4985 1205 5026 tot
1217 4975 1288 5026 enixe
1299 4985 1335 5026 est
1348 4975 1567 5027 Mercurisimiolos.

1053 5062 1151 5110 Castore
1162 5058 1181 5107 si
1194 5059 1272 5125 potuit
1283 5058 1403 5124 geminum
1416 5057 1587 5124 pulchramque
1596 5070 1689 5106 sororem

1088 5143 1200 5208 iuppiter
1211 5158 1240 5191 ex
1252 5142 1316 5192 Lede
1328 5143 1438 5206 gignere,
1452 5141 1527 5191 iactus
1539 5142 1591 5191 olor
1605 5156 1611 5190 :

1053 5225 1190 5272 lter-mione
1202 5240 1287 5274 corvus
1301 5224 1347 5274 luit
1359 5223 1473 5286 inculrus,
1488 5223 1562 5273 edidit
1576 5221 1626 5271 inde
