3860 5920
531 463 661 528 CAPUT
681 467 759 526 XVI.
785 466 979 527 APPENDIX
999 467 1217 528 PLANUDEA.
1624 475 1680 534 60l

125 597 232 670 είκηλον
247 606 364 680 μορφᾶς,
382 598 541 671 Καλλιόπα,
555 600 662 673 ζαθέας,

931 607 1092 658 simulacrum
1111 609 1212 668 forme,
1225 623 1241 658 o
1253 608 1373 674 calliopa,
1388 609 1577 670 valde-divium,

65 684 185 763 πρζσςυς
200 685 241 745 &a
252 685 431 766 ,φρςρόωντας
445 687 470 744 ς,
482 687 629 769 γ,,,,,δςμ,,,
643 687 724 746 πχςω,
739 671 809 769 ἆχχρ
900 679 1046 742 grandarm
1068 680 1133 742 quod
1147 681 1370 744 juventa-fervidos
1395 681 1488 744 maiora
1507 681 1686 732 iri-domaniis-

105 773 229 847 νίκησας,
243 774 367 856 γεραρόυς
381 773 404 832 δ’
419 771 455 832 ὢν
465 774 521 844 νέος
537 777 563 834 ἐν
579 775 669 856 σορίῃ.

21 875 35 914 ⁸
62 856 162 924 Ἔνθεν
178 863 361 943 ἐλευθερόπαις
374 861 493 922 Βενέτων
508 863 554 924 σέο
569 863 673 936 πήξατο
692 865 774 941 δῆμος

107 951 179 1024 δοιὰ,
193 949 228 1010 τὰ
245 948 292 1030 μίν
305 950 400 1032 τέχνας
417 940 503 1022 iola,
517 952 550 1010 rit
565 951 592 1011 δὲ
605 952 715 1019 σθένεος.

369 1094 432 1146 360.
450 1096 548 1144 ΑΛΔΟ.

65 1217 122 1279 tto
134 1224 218 1300 γῆρας
230 1218 343 1292 νεότητα
357 1218 419 1292 τεὴν
433 1219 601 1300 ὑπερόδραμε
615 1219 715 1290 νίκαις,

107 1310 153 1367 καί
169 1307 276 1368 πόντων
290 1306 409 1388 κρατέεις
423 1308 552 1380 πάντοτε,
568 1309 724 1370 Καλλιόπα,

65 1388 163 1456 Ἔνθεν
177 1394 256 1465 'Arai
270 1395 317 1457 καλ
330 1397 413 1472 δῆμος
424 1395 556 1477 ἐλεύθερος
571 1388 643 1466 α’όόις
654 1400 747 1479 ἐγείρει

106 1489 184 1540 τοῦτο
198 1485 293 1565 γέρας,
306 1485 398 1566 σορίης
412 1490 505 1563 μνῆμα
517 1487 563 1544 καί
580 1488 703 1567 ἠνορέης.

372 1628 434 1679 361.
455 1631 551 1678 ᾸΔΛΟ.

66 1737 166 1817 Οὗτος,
181 1747 381 1830 ι’γεροιθέατρε,
397 1750 456 1819 τεὸς
466 1750 564 1828 τόπος,
575 1751 604 1811 όν
615 1777 657 1813 τοι
669 1753 762 1834 ἰγείρει

107 1836 187 1914 ἐσμὸς
203 1837 353 1915 ἀριζήλων,
366 1839 528 1914 Καλλιόπα,
543 1842 692 1923 στεφάνων.

66 1924 139 1985 Οὔτε
153 1926 204 2004 γὰρ
214 1926 319 2007 ἡνίοχός
333 1950 362 1987 σε
375 1929 557 2010 παρήπαφεν,
573 1929 632 1989 οότε
645 1933 763 2012 χαλινοῖς

110 2011 239 2090 δίστομος
253 2015 348 2088 ἱππείη
361 2018 416 2085 σοῖς
431 2016 543 2089 ἀπίθησε
559 2019 642 2095 γένυς.

66 2106 171 2168 licum<
186 2103 218 2172 δὴ
230 2101 303 2176 νίκης
316 2101 395 2183 γέρας
408 2101 531 2198 iponem.
547 2096 586 2166 Ἦ
601 2104 675 2186 παρὰ
688 2117 754 2167 πᾶσι

109 2188 186 2258 δόξαν
197 2189 266 2278 Ιἔχεις
280 2192 293 2217 ¹
309 2190 409 2251 ἀέθλων
424 2194 495 2252 tole
508 2195 594 2254 λιπεῖν
609 2193 717 2273 ἑτέροις.

366 2342 429 2395 362.
450 2345 547 2395 ΑΔΛΟ.

68 2463 212 2528 Καλλιόπα
225 2461 406 2544 κλυτόμοχθε,
422 2463 449 2522 τί
462 2486 504 2522 σοι
518 2463 612 2537 πλέον,
628 2463 684 2522 όττι
698 2465 814 2545 γεραίρει

109 2555 190 2617 εἰκόνι
203 2551 365 2635 χαλκοτόπιρ
379 2553 439 2619 σοὺς
456 2551 586 2619 Βασιλεὺς
600 2553 754 2628 καμάτους,

68 2647 152 2722 δῆμος
162 2650 178 2706 ό
188 2642 363 2723 μυριόρωνος,
376 2641 424 2714 ill
441 2644 548 2716 πτόλις,
563 2634 622 2703 ε’ότε
632 2643 678 2702 καὶ
693 2645 759 2717 αότλ

108 2732 257 2810 δυσμενέων
270 2730 385 2807 παλοίμη
400 2739 454 2798 σοῖς
468 2729 591 2792 ἐπένευσε
603 2731 701 2798 πόνοις.

326 2871 383 2918 363.
401 2869 443 2925 Et<
456 2871 599 2920 Φαυστίνον.

71 2988 194 3070 λίητέρες
208 2988 324 3048 εὐόθλων
337 2987 440 3067 γερέων
453 2988 561 3068 φρένες,
575 2990 604 3048 οὗ
617 2989 712 3069 κρότος
724 2989 811 3068 ἥόης,

108 3079 138 3138 οὗ
150 3077 231 3158 τόχος
244 3078 408 3150 ίπποοόνης,
429 3080 459 3136 οὗ
473 3077 566 3157 χρόνος
581 3079 712 3158 εότυχίης;

67 3165 183 3237 Ὶλιίκοι,
203 3167 355 3237 Φαυστῖνε,
371 3166 427 3230 τεὸς
440 3166 513 3239 νόος,
527 3157 549 3247 ᾧ
566 3167 629 3226 τόδε
644 3169 732 3227 πάντα

108 3254 232 3326 ἕσπεται,
246 3243 268 3334 ᾧ
280 3255 352 3325 Νίκη
367 3251 508 3334 σόντρορος
523 3253 665 3322 ἀθάνατος.

374 3395 436 3450 τοι.
455 3387 561 3450 auno-I

69 3534 138 3614 Πρίν
148 3555 177 3593 σε
190 3533 263 3605 νέον,
275 3537 427 3606 (mosem,
445 3533 500 3602 νόος
512 3533 648 3616 περόόητο
659 3536 800 3618 γερόντων·

110 3628 156 3681 νῦν
167 3621 196 3681 δέ
210 3645 241 3681 σε
255 3621 423 3701 πρεσόυγενῆ
437 3621 535 3701 κάρτος
548 3621 635 3704 ἔφριξε
646 3625 721 3686 νέων.

102 3868 225 3936 Calliope,
235 3869 278 3918 illa
290 3869 366 3918 instar
379 3869 463 3918 sideris
475 3885 517 3919 ora
527 3879 578 3920 toa.

69 3953 150 4001 Canus
160 3949 225 3999 enim
239 3948 303 4000 Circi
312 3948 413 4015 juvenca
427 3965 492 3998 nunc
506 3949 595 3999 robore
610 3950 698 4011 vineis,

103 4033 154 4098 Qui
168 4042 264 4099 poterae
273 4031 370 4098 juvenis
382 4031 478 4082 vincere
489 4042 570 4082 mente
579 4049 655 4084 senaa.

70 4118 171 4168 Praemia
180 4126 309 4184 propterea
318 4119 441 4167 Venelrim
455 4115 581 4167 liberrima
597 4118 666 4168 turba

104 4201 164 4250 rina
176 4201 217 4249 dat
244 4199 295 4250 hoo
310 4199 371 4262 arti,
386 4199 478 4248 viribus
492 4199 533 4248 illa
546 4200 603 4251 tuis.

355 4321 412 4369 360.
430 4324 466 4368 De
481 4316 573 4367 codem.

70 4440 164 4485 Omnes
176 4442 201 4484 et
217 4447 313 4498 semper
324 4447 439 4499 superas3
449 4430 598 4498 juvenilibus
612 4431 693 4492 annis,

103 4517 230 4583 Calliope,
241 4524 277 4565 est
286 4513 375 4588 palmis
389 4515 454 4564 clara
463 4523 562 4564 senecta
574 4513 657 4580 magia.

70 4606 175 4665 Propter
188 4599 213 4648 id
226 4614 240 4648 a
254 4596 356 4647 Venetia
368 4597 469 4663 ipsoque
482 4611 495 4646 ε
511 4597 603 4647 casare
617 4613 698 4647 rursm

105 4681 206 4734 Praemia
219 4691 269 4729 tam
281 4679 355 4729 validi
370 4695 444 4745 qoam
457 4678 573 4744 sapientia
584 4678 667 4728 hebes.

356 4805 414 4853 361.
431 4807 468 4852 De
480 4801 570 4853 eodan.

70 4943 129 4989 llaec
143 4947 200 5001 tua,
212 4936 334 5004 Calliope,
348 4946 384 4986 eat
395 4937 486 5004 species
498 4933 561 4986 bene
573 4945 630 4986 nota
644 4936 744 4988 theatris
760 4955 766 4988 :

103 5026 154 5074 Dat
167 5022 241 5072 decus
253 5021 300 5071 hoc
312 5021 385 5072 toties
395 5029 464 5088 parta
477 5037 567 5071 corona
578 5022 631 5074 libi.

71 5109 128 5158 Nou
144 5105 209 5155 ullus
224 5114 247 5154 le
261 5120 367 5171 narnque
377 5105 439 5154 dolis
450 5105 532 5169 auriga
544 5105 641 5167 fefellit,

104 5194 184 5241 Frena
195 5188 262 5255 genia
270 5204 384 5255 spumam
394 5204 439 5239 nec
456 5197 496 5238 lua
511 5191 608 5256 tempsit
620 5208 703 5256 equus.

72 5276 174 5326 Praemia
190 5276 268 5326 uictor
279 5274 370 5339 habes,
382 5273 443 5324 nulli
456 5275 588 5340 speranda,
603 5285 733 5341 manetque

1506 751 1587 815 [equus
1600 753 1688 802 robore

930 820 1025 884 vicisti,
1041 834 1161 885 sanesque
1176 835 1239 885 puer
1250 835 1328 886 quum
1343 835 1398 872 erae
1408 826 1540 887 superasti
1548 824 1644 887 peritia.

900 891 959 942 inde
971 891 1174 943 libertatis-filius
1184 894 1335 942 Venetorum
1350 891 1399 941 tibi
1412 892 1466 942 suit
1476 894 1583 957 populus

931 963 1040 1026 gemina,
1054 962 1111 1013 hinc
1125 962 1188 1013 artis
1203 961 1322 1027 praemia,
1337 962 1396 1012 inde
1408 963 1515 1014 roboris.

1204 1117 1260 1164 360.
1282 1124 1354 1165 auu
1360 1124 1387 1166 l).

901 1243 953 1292 Tuo
966 1244 1065 1293 senecia
1074 1241 1202 1306 iuuentam
1213 1243 1283 1292 tuam
1294 1241 1458 1305 precucurrit
1468 1241 1594 1304 uictoriis,

932 1334 958 1381 et
971 1343 1056 1380 omnes
1069 1342 1171 1396 superas
1184 1343 1290 1394 semper,
1308 1344 1323 1380 o
1339 1330 1457 1394 Calliope.

901 1421 961 1473 Inde
973 1421 1093 1486 Princeps
1104 1424 1130 1472 et
1141 1422 1247 1486 populns
1258 1422 1324 1473 liber
1333 1435 1422 1472 rursus
1431 1420 1503 1486 erigit

931 1511 979 1560 hoc
990 1511 1129 1575 praemium,
1141 1511 1236 1574 peritiae
1250 1514 1437 1561 monumentum
1447 1513 1473 1560 et
1484 1509 1593 1562 uirtutis.

1202 1655 1257 1701 sol.
1279 1661 1388 1702 aurun.

901 1782 968 1842 ilooo,
986 1777 1333 1842 oqui-spactantes-excitas,
1343 1778 1485 1840 tuaiorma,
1497 1779 1626 1841 quamtlbi
1643 1791 1690 1830 arr·

932 1867 1005 1918 turba
1018 1866 1282 1931 valde-optandarum,
1293 1881 1308 1916 ο
1319 1866 1436 1931 calliopa,
1452 1879 1608 1918 coronarum.
1645 1866 1691 1932 [uit

901 1959 985 2020 Neque
1000 1956 1065 2007 enim
1079 1957 1163 2021 auriga
1178 1958 1202 2006 te
1211 1955 1317 2020 decepit,
1332 1969 1413 2019 neque
1427 1953 1503 2007 lienis

931 2044 1043 2095 indocilis
1058 2046 1148 2108 equina
1162 2044 1214 2095 tuis
1228 2043 1320 2095 rostitit
1331 2043 1438 2095 maxilla.
1571 2045 1691 2110 [cunctos

903 2133 977 2184 solus
991 2145 1050 2184 sane
1061 2132 1172 2184 victorie
1188 2133 1319 2197 preamium
1333 2133 1481 2197 adeptuees.
1494 2134 1609 2184 Proiecto
1624 2135 1691 2199 apud

931 2221 1012 2285 opinio
1017 2221 1048 2271 de
1057 2223 1083 2272 te
1097 2226 1136 2272 est
1143 2221 1256 2272 laborum
1267 2221 1369 2285 premia
1377 2221 1517 2272 aterelicta
1527 2234 1582 2272 esse
1591 2223 1690 2273 ceteris.

1201 2348 1255 2396 νον.
1278 2356 1386 2398 aaron.

901 2479 922 2524 0
934 2475 1042 2540 Calliope
1055 2477 1300 2540 laboribus-inclyte.
1315 2476 1376 2540 quid
1388 2481 1434 2528 troi
1444 2476 1553 2541 prodeat,
1568 2479 1637 2542 quod
1650 2493 1691 2530 re·

931 2565 1036 2630 imagme
1050 2579 1119 2616 aenea
1132 2570 1189 2617 tuos
1201 2565 1317 2629 Princeps
1330 2569 1442 2628 conatus,
1554 2566 1692 2632 [mimerst

900 2652 1006 2716 populus
1019 2652 1342 2716 sexcentis-cumminas,
1355 2656 1410 2703 tota
1424 2653 1503 2704 urba?
1513 2667 1592 2717 quum
1605 2657 1693 2719 etipsa

931 2740 1110 2809 malevolorum
1122 2755 1211 2792 manus
1222 2741 1274 2793 tuis
1289 2742 1414 2807 applausit
1428 2743 1557 2807 operibus.

1169 2873 1219 2915 ³6³.
1235 2873 1262 2915 ln
1280 2871 1421 2915 Fauanoum.

902 2989 982 3038 llater
1004 2984 1301 3036 telinum-ineertamine
1318 2983 1477 3048 premiorum
1493 2987 1530 3036 est
1549 2984 1690 3050 prodentia,

1405 3053 1472 3119 [uon
1484 3056 1562 3108 robur
1572 3057 1692 3121 juvente,

932 3141 981 3177 uon
994 3126 1111 3178 velocitas
1119 3124 1306 3188 in-equitando,
1319 3137 1368 3174 uon
1382 3127 1482 3189 tempus
1496 3125 1627 3177 felicitatis.

903 3197 1076 3262 Sit-propitia,
1092 3211 1108 3246 o
1119 3195 1249 3256 Faustino,
1262 3198 1401 3256 talamana,
1415 3209 1490 3260 quam
1501 3196 1555 3250 hmo
1568 3200 1658 3248 cuncta

933 3269 1078 3329 sequuntur,
1093 3264 1135 3316 cui
1144 3265 1254 3316 Victoria
1267 3265 1358 3315 sodalis
1367 3268 1403 3315 eat
1413 3264 1570 3318 immortalis.

1203 3415 1257 3464 354·
1281 3422 1389 3466 aulul).

898 3533 980 3604 'Antea
987 3555 1014 3604 te
1020 3554 1152 3617 juvenem.
1163 3553 1311 3617 creusam,
1323 3566 1395 3606 mena
1401 3553 1580 3606 reformidabat
1587 3569 1689 3619 aenum3

932 3653 998 3690 nunc
1007 3643 1088 3691 autem
1101 3639 1294 3705 tegrandaerum
1307 3641 1384 3692 robur
1395 3641 1648 3707 expalluitiurenum.

936 3880 1065 3930 Certamen
1077 3881 1193 3947 reliquis,
1202 3882 1255 3948 quis
1268 3881 1312 3933 tibi
1322 3883 1353 3933 ait
1363 3883 1472 3951 propior.

1188 4017 1248 4063 362.
1267 4019 1304 4063 De
1318 4013 1408 4066 eodem·

903 4148 959 4197 Non
970 4144 1026 4196 satia
1038 4156 1072 4196 ost
1084 4155 1123 4197 tua
1135 4147 1201 4213 quod
1214 4146 1349 4196 certamina
1360 4149 1438 4198 Cesar
1448 4146 1568 4210 honorat,

937 4231 1063 4298 Calliope,
1076 4241 1102 4281 et
1113 4231 1193 4280 vultus
1205 4231 1276 4297 ponit
1287 4229 1312 4280 in
1326 4247 1374 4280 aere
1388 4240 1454 4293 ινονς

903 4315 976 4380 Quod
987 4316 1076 4366 Veneti
1083 4353 1092 4378 ,
1104 4315 1169 4382 qnod
1179 4317 1258 4366 Roma
1271 4330 1278 4365 :
1292 4323 1348 4365 tuos
1356 4315 1399 4364 aad
1410 4325 1435 4366 et
1447 4315 1498 4382 ipsa
1507 4316 1602 4367 labores

936 4400 998 4447 Ecce
1009 4414 1052 4448 sua
1064 4397 1163 4473 decorat
1174 4413 1231 4464 para
1243 4396 1341 4448 inimica
1353 4413 1436 4448 manu.

1171 4533 1230 4580 363.
1251 4535 1285 4580 De
1296 4528 1419 4582 Faustino.

906 4665 1003 4716 Praemia
1016 4668 1057 4716 dat
1070 4667 1176 4733 prudens
1189 4667 1302 4731 animus,
1313 4682 1363 4716 non
1376 4681 1460 4716 cursus
1471 4682 1605 4732 equorum,

939 4752 1050 4804 Membra
1060 4767 1106 4801 nec
1117 4751 1143 4800 iu
1152 4749 1224 4800 viridi
1234 4749 1296 4802 flore
1305 4787 1314 4813 ,
1322 4766 1368 4800 nec
1379 4749 1439 4800 hora
1448 4749 1540 4801 larena.

903 4844 974 4892 Meus
985 4837 1063 4898 adsit,
1075 4837 1201 4897 Parietina,
1212 4836 1273 4886 mihi
1282 4846 1339 4894 tua,
1350 4835 1390 4885 cui
1399 4833 1470 4884 simol
1479 4833 1525 4885 ieta

937 4920 1042 4976 Omnia,
1056 4919 1095 4970 cui
1108 4935 1203 4986 semper
1215 4918 1312 4968 uincere
1324 4917 1486 4985 possedetur.

1181 5057 1240 5114 364.
1260 5058 1297 5105 De
1310 5053 1403 5104 eodem.

903 5195 939 5242 Ta
947 5191 1062 5257 juvenem
1073 5204 1140 5240 mena
1154 5198 1211 5240 anta
1223 5203 1325 5251 anum,
1340 5187 1468 5244 Faustino,
1484 5189 1597 5242 timolut:

876 5246 885 5314 i
937 5277 1009 5326 Nunc
1025 5270 1138 5336 juranum
1152 5273 1279 5322 dextrale
1293 5281 1402 5324 metuere
1413 5286 1504 5323 senem
