<?xml version="1.0" encoding="UTF-8"?>
<!DOCTYPE html PUBLIC "-//W3C//DTD XHTML 1.0 Transitional//EN"
    "http://www.w3.org/TR/xhtml1/DTD/xhtml1-transitional.dtd">
<html xmlns="http://www.w3.org/1999/xhtml" xml:lang="en" lang="en">
 <head>
  <title>
</title>
<meta http-equiv="Content-Type" content="text/html;charset=utf-8" />
  <meta name='ocr-system' content='tesseract 3.04.00' />
  <meta name='ocr-capabilities' content='ocr_page ocr_carea ocr_par ocr_line ocrx_word'/>
</head>
<body>
  <div class='ocr_page' id='page_1' title='image "./lta-11000/epigrammatumant00couggoog/epigrammatumant00couggoog_0360.png"; bbox 0 0 3734 5920; ppageno 0'>
   <div class='ocr_carea' id='block_1_1' title="bbox 16 8 393 142">
    <p class='ocr_par' dir='ltr' id='par_1_1' title="bbox 16 8 393 142">
     <span class='ocr_line' id='line_1_1' title="bbox 16 8 393 142; baseline -0.003 -111"><span class='ocrx_word' id='word_1_1' title='bbox 16 8 393 142; x_wconf 49' lang='grc' dir='ltr'><strong>Γ..</strong></span> 
     </span>
    </p>
   </div>
   <div class='ocr_carea' id='block_1_2' title="bbox 227 418 1282 485">
    <p class='ocr_par' dir='ltr' id='par_1_2' title="bbox 227 418 1282 485">
     <span class='ocr_line' id='line_1_2' title="bbox 227 418 1282 485; baseline -0.007 -1"><span class='ocrx_word' id='word_1_2' title='bbox 227 423 286 484; x_wconf 83' lang='grc'><strong>336</strong></span> <span class='ocrx_word' id='word_1_3' title='bbox 790 420 1046 485; x_wconf 82' lang='lat' dir='ltr'><strong>ANTHOLOGIAE</strong></span> <span class='ocrx_word' id='word_1_4' title='bbox 1077 418 1282 479; x_wconf 84' lang='lat' dir='ltr'><strong>PALATINAE</strong></span> 
     </span>
    </p>
   </div>
   <div class='ocr_carea' id='block_1_3' title="bbox 226 551 946 638">
    <p class='ocr_par' dir='ltr' id='par_1_3' title="bbox 226 551 946 638">
     <span class='ocr_line' id='line_1_3' title="bbox 226 551 946 638; baseline 0.004 -27"><span class='ocrx_word' id='word_1_5' title='bbox 226 552 312 613; x_wconf 77' lang='lat' dir='ltr'><strong>tii’o</strong></span> <span class='ocrx_word' id='word_1_6' title='bbox 326 551 452 631; x_wconf 77' lang='grc' dir='ltr'>λογισμὸν</span> <span class='ocrx_word' id='word_1_7' title='bbox 466 551 535 633; x_wconf 87' lang='grc' dir='ltr'>ἔχων</span> <span class='ocrx_word' id='word_1_8' title='bbox 551 555 588 631; x_wconf 76' lang='grc' dir='ltr'><strong>τῷ</strong></span> <span class='ocrx_word' id='word_1_9' title='bbox 602 553 714 625; x_wconf 98' lang='grc' dir='ltr'>πλησίον</span> <span class='ocrx_word' id='word_1_10' title='bbox 728 556 776 612; x_wconf 81' lang='grc' dir='ltr'><strong>οὐκ</strong></span> <span class='ocrx_word' id='word_1_11' title='bbox 790 554 946 638; x_wconf 73' lang='grc' dir='ltr'>ἀναφαίνει,</span> 
     </span>
    </p>
   </div>
   <div class='ocr_carea' id='block_1_4' title="bbox 267 639 849 720">
    <p class='ocr_par' dir='ltr' id='par_1_4' title="bbox 267 639 849 720">
     <span class='ocr_line' id='line_1_4' title="bbox 267 639 849 720; baseline 0.003 -21"><span class='ocrx_word' id='word_1_12' title='bbox 267 641 340 700; x_wconf 80' lang='grc' dir='ltr'>ἔνδον</span> <span class='ocrx_word' id='word_1_13' title='bbox 356 639 580 720; x_wconf 81' lang='grc' dir='ltr'>άποκρόπτιυντῇ</span> <span class='ocrx_word' id='word_1_14' title='bbox 595 643 698 701; x_wconf 76' lang='grc' dir='ltr'>συνέσει</span> <span class='ocrx_word' id='word_1_15' title='bbox 712 642 742 701; x_wconf 82' lang='grc' dir='ltr'><strong>τὸ</strong></span> <span class='ocrx_word' id='word_1_16' title='bbox 757 641 849 710; x_wconf 86' lang='grc' dir='ltr'>πάθος.</span> 
     </span>
    </p>
   </div>
   <div class='ocr_carea' id='block_1_5' title="bbox 202 727 933 809">
    <p class='ocr_par' dir='ltr' id='par_1_5' title="bbox 202 727 933 809">
     <span class='ocr_line' id='line_1_5' title="bbox 202 727 933 809; baseline 0.008 -27"><span class='ocrx_word' id='word_1_17' title='bbox 202 751 214 784; x_wconf 82' lang='grc'><strong>.·,</strong></span> <span class='ocrx_word' id='word_1_18' title='bbox 229 730 283 801; x_wconf 78' lang='grc' dir='ltr'>Σῆς</span> <span class='ocrx_word' id='word_1_19' title='bbox 297 728 324 788; x_wconf 73' lang='grc' dir='ltr'><strong>δὲ</strong></span> <span class='ocrx_word' id='word_1_20' title='bbox 340 727 406 809; x_wconf 82' lang='grc' dir='ltr'>θύρα</span> <span class='ocrx_word' id='word_1_21' title='bbox 420 729 508 809; x_wconf 78' lang='grc' dir='ltr'>ψυχῆς</span> <span class='ocrx_word' id='word_1_22' title='bbox 522 728 722 789; x_wconf 77' lang='grc' dir='ltr'>ἀναπέπταται·</span> <span class='ocrx_word' id='word_1_23' title='bbox 737 729 830 790; x_wconf 83' lang='grc' dir='ltr'>οθδίνα</span> <span class='ocrx_word' id='word_1_24' title='bbox 845 730 933 804; x_wconf 77' lang='grc' dir='ltr'>λήθεις</span> 
     </span>
    </p>
   </div>
   <div class='ocr_carea' id='block_1_6' title="bbox 267 816 825 897">
    <p class='ocr_par' dir='ltr' id='par_1_6' title="bbox 267 816 825 897">
     <span class='ocr_line' id='line_1_6' title="bbox 267 816 825 897; baseline -0.002 -20"><span class='ocrx_word' id='word_1_25' title='bbox 267 819 325 878; x_wconf 78' lang='grc' dir='ltr'>οὔτε</span> <span class='ocrx_word' id='word_1_26' title='bbox 339 817 544 890; x_wconf 73' lang='grc' dir='ltr'>καταπτήσσειν,</span> <span class='ocrx_word' id='word_1_27' title='bbox 556 816 615 878; x_wconf 84' lang='grc' dir='ltr'>οὔτε</span> <span class='ocrx_word' id='word_1_28' title='bbox 626 818 825 897; x_wconf 84' lang='grc' dir='ltr'>θρασυνόμενος.</span> 
     </span>
    </p>
   </div>
   <div class='ocr_carea' id='block_1_7' title="bbox 487 965 754 1016">
    <p class='ocr_par' dir='ltr' id='par_1_7' title="bbox 487 965 754 1016">
     <span class='ocr_line' id='line_1_7' title="bbox 487 965 754 1016; baseline 0.004 -1"><span class='ocrx_word' id='word_1_29' title='bbox 487 965 550 1016; x_wconf 74' lang='lat'><strong>³05.</strong></span> <span class='ocrx_word' id='word_1_30' title='bbox 570 968 629 1013; x_wconf 79' lang='grc' dir='ltr'><strong>ΤΟΥ</strong></span> <span class='ocrx_word' id='word_1_31' title='bbox 648 969 754 1016; x_wconf 82' lang='grc' dir='ltr'><strong>ΑΥΓΟΥ.</strong></span> 
     </span>
    </p>
   </div>
   <div class='ocr_carea' id='block_1_8' title="bbox 229 1092 937 1176">
    <p class='ocr_par' dir='ltr' id='par_1_8' title="bbox 229 1092 937 1176">
     <span class='ocr_line' id='line_1_8' title="bbox 229 1092 937 1176; baseline -0.001 -22"><span class='ocrx_word' id='word_1_32' title='bbox 229 1094 329 1154; x_wconf 80' lang='grc' dir='ltr'>Τέκνον</span> <span class='ocrx_word' id='word_1_33' title='bbox 345 1092 495 1169; x_wconf 77' lang='grc' dir='ltr'>ἀναιδείης,</span> <span class='ocrx_word' id='word_1_34' title='bbox 512 1093 695 1168; x_wconf 76' lang='grc' dir='ltr'>ἀμαθέστατα,</span> <span class='ocrx_word' id='word_1_35' title='bbox 711 1095 816 1174; x_wconf 75' lang='grc' dir='ltr'>θρέμμα</span> <span class='ocrx_word' id='word_1_36' title='bbox 829 1096 937 1176; x_wconf 87' lang='grc' dir='ltr'>μορίης,</span> 
     </span>
    </p>
   </div>
   <div class='ocr_carea' id='block_1_9' title="bbox 269 1178 809 1262">
    <p class='ocr_par' dir='ltr' id='par_1_9' title="bbox 269 1178 809 1262">
     <span class='ocr_line' id='line_1_9' title="bbox 269 1178 809 1262; baseline 0.011 -24"><span class='ocrx_word' id='word_1_37' title='bbox 269 1181 343 1258; x_wconf 77' lang='grc' dir='ltr'>εἰπὲ,</span> <span class='ocrx_word' id='word_1_38' title='bbox 357 1180 384 1241; x_wconf 89' lang='grc' dir='ltr'>τί</span> <span class='ocrx_word' id='word_1_39' title='bbox 397 1178 507 1262; x_wconf 55' lang='lat' dir='ltr'><strong>Aperite.</strong></span> <span class='ocrx_word' id='word_1_40' title='bbox 524 1181 605 1259; x_wconf 84' lang='grc' dir='ltr'>μηδὲν</span> <span class='ocrx_word' id='word_1_41' title='bbox 621 1183 809 1260; x_wconf 82' lang='grc' dir='ltr'>ἐπιστόμενος;</span> 
     </span>
    </p>
   </div>
   <div class='ocr_carea' id='block_1_10' title="bbox 1060 554 1674 621">
    <p class='ocr_par' dir='ltr' id='par_1_10' title="bbox 1060 554 1674 621">
     <span class='ocr_line' id='line_1_10' title="bbox 1060 554 1674 621; baseline -0.003 -10"><span class='ocrx_word' id='word_1_42' title='bbox 1060 563 1086 611; x_wconf 90' lang='lat' dir='ltr'><strong>at</strong></span> <span class='ocrx_word' id='word_1_43' title='bbox 1097 559 1215 610; x_wconf 87' lang='lat' dir='ltr'><strong>rationem</strong></span> <span class='ocrx_word' id='word_1_44' title='bbox 1225 556 1359 621; x_wconf 85' lang='lat' dir='ltr'><strong>qui-hahet</strong></span> <span class='ocrx_word' id='word_1_45' title='bbox 1369 555 1482 621; x_wconf 76' lang='lat' dir='ltr'><strong>prorum</strong></span> <span class='ocrx_word' id='word_1_46' title='bbox 1494 569 1544 605; x_wconf 89' lang='lat' dir='ltr'><strong>non</strong></span> <span class='ocrx_word' id='word_1_47' title='bbox 1554 554 1674 610; x_wconf 80' lang='lat' dir='ltr'><strong>ostendit.</strong></span> 
     </span>
    </p>
   </div>
   <div class='ocr_carea' id='block_1_11' title="bbox 1091 645 1679 712">
    <p class='ocr_par' dir='ltr' id='par_1_11' title="bbox 1091 645 1679 712">
     <span class='ocr_line' id='line_1_11' title="bbox 1091 645 1679 712; baseline -0.007 -12"><span class='ocrx_word' id='word_1_48' title='bbox 1091 649 1159 700; x_wconf 82' lang='lat' dir='ltr'><strong>intua</strong></span> <span class='ocrx_word' id='word_1_49' title='bbox 1171 648 1325 700; x_wconf 80' lang='lat' dir='ltr'><strong>abscondens</strong></span> <span class='ocrx_word' id='word_1_50' title='bbox 1334 661 1378 712; x_wconf 86' lang='lat' dir='ltr'><strong>per</strong></span> <span class='ocrx_word' id='word_1_51' title='bbox 1390 647 1548 711; x_wconf 79' lang='lat' dir='ltr'><strong>prudentiam</strong></span> <span class='ocrx_word' id='word_1_52' title='bbox 1565 645 1679 697; x_wconf 84' lang='lat' dir='ltr'><strong>morbum.</strong></span> 
     </span>
    </p>
   </div>
   <div class='ocr_carea' id='block_1_12' title="bbox 1058 735 1742 802">
    <p class='ocr_par' dir='ltr' id='par_1_12' title="bbox 1058 735 1742 802">
     <span class='ocr_line' id='line_1_12' title="bbox 1058 735 1742 802; baseline 0 -14"><span class='ocrx_word' id='word_1_53' title='bbox 1058 738 1106 788; x_wconf 81' lang='lat' dir='ltr'><strong>Tui</strong></span> <span class='ocrx_word' id='word_1_54' title='bbox 1122 741 1206 788; x_wconf 85' lang='lat' dir='ltr'><strong>autem</strong></span> <span class='ocrx_word' id='word_1_55' title='bbox 1213 739 1289 801; x_wconf 87' lang='lat' dir='ltr'><strong>janua</strong></span> <span class='ocrx_word' id='word_1_56' title='bbox 1300 735 1375 786; x_wconf 91' lang='lat' dir='ltr'><strong>animi</strong></span> <span class='ocrx_word' id='word_1_57' title='bbox 1383 740 1553 802; x_wconf 67' lang='lat' dir='ltr'><strong>expansaestr</strong></span> <span class='ocrx_word' id='word_1_58' title='bbox 1565 735 1679 786; x_wconf 87' lang='lat' dir='ltr'><strong>neminem</strong></span> <span class='ocrx_word' id='word_1_59' title='bbox 1691 737 1742 788; x_wconf 84' lang='lat' dir='ltr'><strong>taitir</strong></span> 
     </span>
    </p>
   </div>
   <div class='ocr_carea' id='block_1_13' title="bbox 1092 824 1498 890">
    <p class='ocr_par' dir='ltr' id='par_1_13' title="bbox 1092 824 1498 890">
     <span class='ocr_line' id='line_1_13' title="bbox 1092 824 1498 890; baseline -0.007 -13"><span class='ocrx_word' id='word_1_60' title='bbox 1092 840 1171 890; x_wconf 84' lang='lat' dir='ltr'><strong>neque</strong></span> <span class='ocrx_word' id='word_1_61' title='bbox 1187 826 1287 888; x_wconf 84' lang='lat' dir='ltr'><strong>timens,</strong></span> <span class='ocrx_word' id='word_1_62' title='bbox 1305 839 1384 888; x_wconf 88' lang='lat' dir='ltr'><strong>neque</strong></span> <span class='ocrx_word' id='word_1_63' title='bbox 1396 824 1498 876; x_wconf 78' lang='lat' dir='ltr'><strong>audens.</strong></span> 
     </span>
    </p>
   </div>
   <div class='ocr_carea' id='block_1_14' title="bbox 1344 973 1567 1021">
    <p class='ocr_par' dir='ltr' id='par_1_14' title="bbox 1344 973 1567 1021">
     <span class='ocr_line' id='line_1_14' title="bbox 1344 973 1567 1021; baseline -0.004 -3"><span class='ocrx_word' id='word_1_64' title='bbox 1344 973 1398 1019; x_wconf 71' lang='lat'><strong>³05.</strong></span> <span class='ocrx_word' id='word_1_65' title='bbox 1415 977 1567 1021; x_wconf 68' lang='lat' dir='ltr'><strong>BJUSDEH·</strong></span> 
     </span>
    </p>
   </div>
   <div class='ocr_carea' id='block_1_15' title="bbox 1062 1089 1743 1172">
    <p class='ocr_par' dir='ltr' id='par_1_15' title="bbox 1062 1089 1743 1172">
     <span class='ocr_line' id='line_1_15' title="bbox 1062 1089 1743 1172; baseline -0.003 -12"><span class='ocrx_word' id='word_1_66' title='bbox 1062 1089 1652 1172; x_wconf 54' lang='lat' dir='ltr'><strong>sonoresmpundnomurmurmurmur</strong></span> <span class='ocrx_word' id='word_1_67' title='bbox 1662 1107 1743 1168; x_wconf 68' lang='lat' dir='ltr'><strong>nonu,</strong></span> 
     </span>
    </p>
   </div>
   <div class='ocr_carea' id='block_1_16' title="bbox 1093 1195 1509 1262">
    <p class='ocr_par' dir='ltr' id='par_1_16' title="bbox 1093 1195 1509 1262">
     <span class='ocr_line' id='line_1_16' title="bbox 1093 1195 1509 1262; baseline -0.002 -15"><span class='ocrx_word' id='word_1_68' title='bbox 1093 1196 1143 1258; x_wconf 86' lang='lat' dir='ltr'><strong>dio,</strong></span> <span class='ocrx_word' id='word_1_69' title='bbox 1154 1195 1215 1261; x_wconf 87' lang='lat' dir='ltr'><strong>quid</strong></span> <span class='ocrx_word' id='word_1_70' title='bbox 1231 1195 1353 1262; x_wconf 80' lang='lat' dir='ltr'><strong>superbis,</strong></span> <span class='ocrx_word' id='word_1_71' title='bbox 1364 1197 1398 1246; x_wconf 89' lang='lat' dir='ltr'><strong>nil</strong></span> <span class='ocrx_word' id='word_1_72' title='bbox 1408 1196 1509 1246; x_wconf 75' lang='lat' dir='ltr'><strong>oriens?</strong></span> 
     </span>
    </p>
   </div>
   <div class='ocr_carea' id='block_1_17' title="bbox 230 1269 1782 1350">
    <p class='ocr_par' dir='ltr' id='par_1_17' title="bbox 230 1269 1782 1350">
     <span class='ocr_line' id='line_1_17' title="bbox 230 1269 1782 1350; baseline 0.003 -18"><span class='ocrx_word' id='word_1_73' title='bbox 230 1270 277 1332; x_wconf 86' lang='grc' dir='ltr'><strong>Ἐν</strong></span> <span class='ocrx_word' id='word_1_74' title='bbox 291 1269 340 1348; x_wconf 81' lang='grc' dir='ltr'><strong>μὲν</strong></span> <span class='ocrx_word' id='word_1_75' title='bbox 354 1279 550 1350; x_wconf 80' lang='grc' dir='ltr'>γραμματικοῖς</span> <span class='ocrx_word' id='word_1_76' title='bbox 565 1275 578 1330; x_wconf 85' lang='grc' dir='ltr'>θ</span> <span class='ocrx_word' id='word_1_77' title='bbox 592 1272 772 1340; x_wconf 82' lang='grc' dir='ltr'>πλατωνικός·</span> <span class='ocrx_word' id='word_1_78' title='bbox 785 1271 816 1333; x_wconf 74' lang='grc' dir='ltr'><strong>ἂν</strong></span> <span class='ocrx_word' id='word_1_79' title='bbox 830 1272 858 1332; x_wconf 85' lang='grc' dir='ltr'><strong>δὲ</strong></span> <span class='ocrx_word' id='word_1_80' title='bbox 871 1273 1015 1340; x_wconf 83' lang='grc' dir='ltr'>Πλάτωνος</span> <span class='ocrx_word' id='word_1_81' title='bbox 1062 1289 1091 1338; x_wconf 86' lang='lat' dir='ltr'><strong>ln</strong></span> <span class='ocrx_word' id='word_1_82' title='bbox 1105 1284 1273 1350; x_wconf 75' lang='lat' dir='ltr'><strong>grammaticis</strong></span> <span class='ocrx_word' id='word_1_83' title='bbox 1288 1284 1391 1349; x_wconf 85' lang='lat' dir='ltr'><strong>quidem</strong></span> <span class='ocrx_word' id='word_1_84' title='bbox 1405 1299 1432 1335; x_wconf 82' lang='grc' dir='ltr'><strong>σε</strong></span> <span class='ocrx_word' id='word_1_85' title='bbox 1441 1283 1594 1349; x_wconf 68' lang='lat' dir='ltr'><strong>platonicum</strong></span> <span class='ocrx_word' id='word_1_86' title='bbox 1605 1283 1688 1335; x_wconf 76' lang='lat' dir='ltr'><strong>sivero</strong></span> <span class='ocrx_word' id='word_1_87' title='bbox 1695 1285 1782 1337; x_wconf 80' lang='grc' dir='ltr'>Ρίείυινέ</span> 
     </span>
    </p>
   </div>
   <div class='ocr_carea' id='block_1_18' title="bbox 269 1359 888 1441">
    <p class='ocr_par' dir='ltr' id='par_1_18' title="bbox 269 1359 888 1441">
     <span class='ocr_line' id='line_1_18' title="bbox 269 1359 888 1441; baseline 0.006 -22"><span class='ocrx_word' id='word_1_88' title='bbox 269 1359 390 1438; x_wconf 86' lang='grc' dir='ltr'>δόγματά</span> <span class='ocrx_word' id='word_1_89' title='bbox 404 1383 442 1428; x_wconf 87' lang='grc' dir='ltr'><strong>τις</strong></span> <span class='ocrx_word' id='word_1_90' title='bbox 454 1362 538 1437; x_wconf 76' lang='grc' dir='ltr'>ζητῇ,</span> <span class='ocrx_word' id='word_1_91' title='bbox 550 1361 736 1441; x_wconf 81' lang='grc' dir='ltr'>γραμματικὸς</span> <span class='ocrx_word' id='word_1_92' title='bbox 750 1361 783 1421; x_wconf 77' lang='grc' dir='ltr'><strong>σὺ</strong></span> <span class='ocrx_word' id='word_1_93' title='bbox 795 1362 888 1423; x_wconf 85' lang='grc' dir='ltr'>πόλιν.</span> 
     </span>
    </p>
   </div>
   <div class='ocr_carea' id='block_1_19' title="bbox 230 1447 915 1562">
    <p class='ocr_par' dir='ltr' id='par_1_19' title="bbox 230 1447 915 1562">
     <span class='ocr_line' id='line_1_19' title="bbox 230 1447 915 1562; baseline -0.003 -51"><span class='ocrx_word' id='word_1_94' title='bbox 230 1449 275 1519; x_wconf 83' lang='grc' dir='ltr'><strong>Ἐξ</strong></span> <span class='ocrx_word' id='word_1_95' title='bbox 290 1447 380 1530; x_wconf 77' lang='grc' dir='ltr'>ἐτέρου</span> <span class='ocrx_word' id='word_1_96' title='bbox 394 1448 498 1533; x_wconf 76' lang='grc' dir='ltr'>φεύγεις</span> <span class='ocrx_word' id='word_1_97' title='bbox 512 1450 556 1511; x_wconf 74' lang='grc' dir='ltr'>ἐπὶ</span> <span class='ocrx_word' id='word_1_98' title='bbox 571 1451 688 1531; x_wconf 85' lang='grc' dir='ltr'>θάτερον·</span> <span class='ocrx_word' id='word_1_99' title='bbox 703 1451 763 1512; x_wconf 84' lang='grc' dir='ltr'>οὔτε</span> <span class='ocrx_word' id='word_1_100' title='bbox 777 1451 805 1562; x_wconf 58' lang='lat' dir='ltr'><strong>ii</strong></span> <span class='ocrx_word' id='word_1_101' title='bbox 818 1452 915 1558; x_wconf 58' lang='grc' dir='ltr'>τέχνην</span> 
     </span>
    </p>
   </div>
   <div class='ocr_carea' id='block_1_20' title="bbox 268 1531 855 1621">
    <p class='ocr_par' dir='ltr' id='par_1_20' title="bbox 268 1531 855 1621">
     <span class='ocr_line' id='line_1_20' title="bbox 268 1531 855 1621; baseline 0.002 -21"><span class='ocrx_word' id='word_1_102' title='bbox 268 1531 344 1600; x_wconf 81' lang='grc' dir='ltr'>οίσθα</span> <span class='ocrx_word' id='word_1_103' title='bbox 356 1539 562 1621; x_wconf 73' lang='grc' dir='ltr'>γραμματικὴν,</span> <span class='ocrx_word' id='word_1_104' title='bbox 575 1540 633 1600; x_wconf 76' lang='grc' dir='ltr'>οὔτε</span> <span class='ocrx_word' id='word_1_105' title='bbox 649 1543 812 1610; x_wconf 89' lang='grc' dir='ltr'>πλατωνικος</span> <span class='ocrx_word' id='word_1_106' title='bbox 823 1565 855 1601; x_wconf 94' lang='grc' dir='ltr'><strong>ει.</strong></span> 
     </span>
    </p>
   </div>
   <div class='ocr_carea' id='block_1_21' title="bbox 486 1686 751 1738">
    <p class='ocr_par' dir='ltr' id='par_1_21' title="bbox 486 1686 751 1738">
     <span class='ocr_line' id='line_1_21' title="bbox 486 1686 751 1738; baseline -0.004 -1"><span class='ocrx_word' id='word_1_107' title='bbox 486 1686 549 1738; x_wconf 82' lang='grc'><strong>300.</strong></span> <span class='ocrx_word' id='word_1_108' title='bbox 567 1689 627 1733; x_wconf 80' lang='grc' dir='ltr'><strong>ΤΟΥ</strong></span> <span class='ocrx_word' id='word_1_109' title='bbox 642 1689 751 1736; x_wconf 75' lang='grc' dir='ltr'><strong>ΑΥΤΟΥ.</strong></span> 
     </span>
    </p>
   </div>
   <div class='ocr_carea' id='block_1_22' title="bbox 228 1807 916 1889">
    <p class='ocr_par' dir='ltr' id='par_1_22' title="bbox 228 1807 916 1889">
     <span class='ocr_line' id='line_1_22' title="bbox 228 1807 916 1889; baseline 0 -21"><span class='ocrx_word' id='word_1_110' title='bbox 228 1809 274 1868; x_wconf 72' lang='lat' dir='ltr'><strong>&#39;Ar</strong></span> <span class='ocrx_word' id='word_1_111' title='bbox 290 1811 347 1886; x_wconf 85' lang='grc' dir='ltr'>μετ’</span> <span class='ocrx_word' id='word_1_112' title='bbox 363 1807 558 1888; x_wconf 73' lang='grc' dir='ltr'>Ἀλεξάνδρειαν</span> <span class='ocrx_word' id='word_1_113' title='bbox 573 1813 599 1877; x_wconf 79' lang='grc' dir='ltr'>ἐς</span> <span class='ocrx_word' id='word_1_114' title='bbox 613 1809 772 1889; x_wconf 71' lang='grc' dir='ltr'>Ἀντιόχειαν</span> <span class='ocrx_word' id='word_1_115' title='bbox 787 1808 916 1888; x_wconf 75' lang='grc' dir='ltr'>ἀπέλθῃς,</span> 
     </span>
    </p>
   </div>
   <div class='ocr_carea' id='block_1_23' title="bbox 269 1897 824 1978">
    <p class='ocr_par' dir='ltr' id='par_1_23' title="bbox 269 1897 824 1978">
     <span class='ocr_line' id='line_1_23' title="bbox 269 1897 824 1978; baseline -0.002 -21"><span class='ocrx_word' id='word_1_116' title='bbox 269 1897 314 1957; x_wconf 83' lang='grc' dir='ltr'><strong>καὶ</strong></span> <span class='ocrx_word' id='word_1_117' title='bbox 327 1898 395 1974; x_wconf 77' lang='grc' dir='ltr'>μετὰ</span> <span class='ocrx_word' id='word_1_118' title='bbox 409 1898 457 1969; x_wconf 72' lang='grc' dir='ltr'><strong>τὴν</strong></span> <span class='ocrx_word' id='word_1_119' title='bbox 471 1898 569 1978; x_wconf 78' lang='grc' dir='ltr'>Συρίην</span> <span class='ocrx_word' id='word_1_120' title='bbox 585 1897 702 1964; x_wconf 83' lang='grc' dir='ltr'>Ἰταλίας</span> <span class='ocrx_word' id='word_1_121' title='bbox 716 1897 824 1978; x_wconf 74' lang='grc' dir='ltr'>ἐπιθῇς,</span> 
     </span>
    </p>
   </div>
   <div class='ocr_carea' id='block_1_24' title="bbox 229 1986 916 2068">
    <p class='ocr_par' dir='ltr' id='par_1_24' title="bbox 229 1986 916 2068">
     <span class='ocr_line' id='line_1_24' title="bbox 229 1986 916 2068; baseline -0.003 -22"><span class='ocrx_word' id='word_1_122' title='bbox 229 1990 281 2046; x_wconf 82' lang='grc' dir='ltr'><strong>τῶν</strong></span> <span class='ocrx_word' id='word_1_123' title='bbox 293 1989 410 2046; x_wconf 82' lang='grc' dir='ltr'>δυνατῶν</span> <span class='ocrx_word' id='word_1_124' title='bbox 423 1987 505 2054; x_wconf 80' lang='grc' dir='ltr'>οὐδείς</span> <span class='ocrx_word' id='word_1_125' title='bbox 519 2011 548 2048; x_wconf 90' lang='grc' dir='ltr'><strong>σε</strong></span> <span class='ocrx_word' id='word_1_126' title='bbox 565 1988 696 2068; x_wconf 73' lang='grc' dir='ltr'>γαμήσει·</span> <span class='ocrx_word' id='word_1_127' title='bbox 708 1994 786 2048; x_wconf 65' lang='grc' dir='ltr'>τοῦτο</span> <span class='ocrx_word' id='word_1_128' title='bbox 798 1986 849 2065; x_wconf 73' lang='grc' dir='ltr'>γάρ</span> <span class='ocrx_word' id='word_1_129' title='bbox 865 1987 916 2045; x_wconf 83' lang='grc' dir='ltr'>αἰεὶ</span> 
     </span>
    </p>
   </div>
   <div class='ocr_carea' id='block_1_25' title="bbox 270 2075 790 2155">
    <p class='ocr_par' dir='ltr' id='par_1_25' title="bbox 270 2075 790 2155">
     <span class='ocr_line' id='line_1_25' title="bbox 270 2075 790 2155; baseline 0.017 -23"><span class='ocrx_word' id='word_1_130' title='bbox 270 2075 376 2152; x_wconf 79' lang='grc' dir='ltr'>οἰομένη</span> <span class='ocrx_word' id='word_1_131' title='bbox 391 2077 477 2155; x_wconf 76' lang='grc' dir='ltr'>πηδᾷς</span> <span class='ocrx_word' id='word_1_132' title='bbox 489 2075 525 2142; x_wconf 80' lang='grc' dir='ltr'><strong>εἰς</strong></span> <span class='ocrx_word' id='word_1_133' title='bbox 536 2075 612 2134; x_wconf 87' lang='grc' dir='ltr'>πολιν</span> <span class='ocrx_word' id='word_1_134' title='bbox 625 2076 656 2134; x_wconf 86' lang='grc' dir='ltr'><strong>ἐκ</strong></span> <span class='ocrx_word' id='word_1_135' title='bbox 666 2076 790 2140; x_wconf 68' lang='lat' dir='ltr'><strong>uotum·</strong></span> 
     </span>
    </p>
   </div>
   <div class='ocr_carea' id='block_1_26' title="bbox 491 2217 756 2268">
    <p class='ocr_par' dir='ltr' id='par_1_26' title="bbox 491 2217 756 2268">
     <span class='ocr_line' id='line_1_26' title="bbox 491 2217 756 2268; baseline -0.004 0"><span class='ocrx_word' id='word_1_136' title='bbox 491 2217 549 2268; x_wconf 77' lang='lat' dir='ltr'><strong>Atii.</strong></span> <span class='ocrx_word' id='word_1_137' title='bbox 572 2220 632 2264; x_wconf 77' lang='grc' dir='ltr'><strong>ΤΟΥ</strong></span> <span class='ocrx_word' id='word_1_138' title='bbox 650 2220 756 2267; x_wconf 60' lang='lat' dir='ltr'><strong>Aaron</strong></span> 
     </span>
    </p>
   </div>
   <div class='ocr_carea' id='block_1_27' title="bbox 232 2333 992 2506">
    <p class='ocr_par' dir='ltr' id='par_1_27' title="bbox 232 2333 992 2506">
     <span class='ocr_line' id='line_1_27' title="bbox 232 2333 992 2416; baseline 0.001 -21"><span class='ocrx_word' id='word_1_139' title='bbox 232 2333 295 2395; x_wconf 80' lang='grc' dir='ltr'>Υίδν</span> <span class='ocrx_word' id='word_1_140' title='bbox 308 2335 380 2413; x_wconf 74' lang='grc' dir='ltr'>ἔχεις</span> <span class='ocrx_word' id='word_1_141' title='bbox 393 2335 437 2394; x_wconf 74' lang='grc' dir='ltr'><strong>τὀν</strong></span> <span class='ocrx_word' id='word_1_142' title='bbox 450 2334 578 2413; x_wconf 77' lang='grc' dir='ltr'>Ἔρωτα,</span> <span class='ocrx_word' id='word_1_143' title='bbox 595 2344 707 2411; x_wconf 85' lang='grc' dir='ltr'>γυναῖκα</span> <span class='ocrx_word' id='word_1_144' title='bbox 723 2336 750 2394; x_wconf 80' lang='grc' dir='ltr'><strong>δὲ</strong></span> <span class='ocrx_word' id='word_1_145' title='bbox 765 2337 813 2407; x_wconf 71' lang='grc' dir='ltr'><strong>τὴν</strong></span> <span class='ocrx_word' id='word_1_146' title='bbox 828 2336 992 2416; x_wconf 70' lang='grc' dir='ltr'>Ἀφροδίτην·</span> 
     </span>
     <span class='ocr_line' id='line_1_28' title="bbox 271 2424 916 2506; baseline 0.006 -24"><span class='ocrx_word' id='word_1_147' title='bbox 271 2424 318 2482; x_wconf 77' lang='grc' dir='ltr'><strong>οὐκ</strong></span> <span class='ocrx_word' id='word_1_148' title='bbox 333 2424 448 2500; x_wconf 75' lang='grc' dir='ltr'>ἀδίκως,</span> <span class='ocrx_word' id='word_1_149' title='bbox 461 2427 580 2503; x_wconf 69' lang='grc' dir='ltr'>χαλκεῖ,</span> <span class='ocrx_word' id='word_1_150' title='bbox 593 2426 636 2483; x_wconf 80' lang='grc' dir='ltr'><strong>τὀν</strong></span> <span class='ocrx_word' id='word_1_151' title='bbox 649 2427 718 2486; x_wconf 81' lang='grc' dir='ltr'>πόδα</span> <span class='ocrx_word' id='word_1_152' title='bbox 732 2426 820 2506; x_wconf 76' lang='grc' dir='ltr'>χωλὸν</span> <span class='ocrx_word' id='word_1_153' title='bbox 836 2425 916 2505; x_wconf 84' lang='grc' dir='ltr'>ἔχεις.</span> 
     </span>
    </p>
   </div>
   <div class='ocr_carea' id='block_1_28' title="bbox 454 2567 796 2628">
    <p class='ocr_par' dir='ltr' id='par_1_28' title="bbox 454 2567 796 2628">
     <span class='ocr_line' id='line_1_29' title="bbox 454 2567 796 2628; baseline 0.006 -2"><span class='ocrx_word' id='word_1_154' title='bbox 454 2576 522 2628; x_wconf 79' lang='grc'><strong>008.</strong></span> <span class='ocrx_word' id='word_1_155' title='bbox 547 2567 796 2628; x_wconf 79' lang='lat' dir='ltr'><strong>notittAAtot&#39;.</strong></span> 
     </span>
    </p>
   </div>
   <div class='ocr_carea' id='block_1_29' title="bbox 232 2696 965 2779">
    <p class='ocr_par' dir='ltr' id='par_1_29' title="bbox 232 2696 965 2779">
     <span class='ocr_line' id='line_1_30' title="bbox 232 2696 965 2779; baseline 0.001 -21"><span class='ocrx_word' id='word_1_156' title='bbox 232 2698 285 2758; x_wconf 83' lang='grc' dir='ltr'><strong>Τὸν</strong></span> <span class='ocrx_word' id='word_1_157' title='bbox 301 2696 369 2757; x_wconf 73' lang='grc' dir='ltr'>πόδα</span> <span class='ocrx_word' id='word_1_158' title='bbox 386 2703 419 2778; x_wconf 73' lang='grc' dir='ltr'><strong>τῇ</strong></span> <span class='ocrx_word' id='word_1_159' title='bbox 436 2697 530 2779; x_wconf 81' lang='grc' dir='ltr'>βελόνη</span> <span class='ocrx_word' id='word_1_160' title='bbox 545 2701 651 2776; x_wconf 77' lang='grc' dir='ltr'>τροπῶν</span> <span class='ocrx_word' id='word_1_161' title='bbox 670 2699 809 2763; x_wconf 82' lang='grc' dir='ltr'>Κλεόνικος</span> <span class='ocrx_word' id='word_1_162' title='bbox 827 2702 840 2757; x_wconf 87' lang='grc' dir='ltr'>θ</span> <span class='ocrx_word' id='word_1_163' title='bbox 857 2701 965 2770; x_wconf 72' lang='grc' dir='ltr'>λεπτὸς,</span> 
     </span>
    </p>
   </div>
   <div class='ocr_carea' id='block_1_30' title="bbox 273 2785 838 2868">
    <p class='ocr_par' dir='ltr' id='par_1_30' title="bbox 273 2785 838 2868">
     <span class='ocr_line' id='line_1_31' title="bbox 273 2785 838 2868; baseline -0.002 -24"><span class='ocrx_word' id='word_1_164' title='bbox 273 2785 351 2854; x_wconf 80' lang='grc' dir='ltr'>αὖτδς</span> <span class='ocrx_word' id='word_1_165' title='bbox 366 2785 511 2864; x_wconf 74' lang='grc' dir='ltr'>ἐτράπησαν</span> <span class='ocrx_word' id='word_1_166' title='bbox 528 2791 566 2868; x_wconf 81' lang='grc' dir='ltr'><strong>τῷ</strong></span> <span class='ocrx_word' id='word_1_167' title='bbox 578 2786 640 2847; x_wconf 79' lang='grc' dir='ltr'>ποδὶ</span> <span class='ocrx_word' id='word_1_168' title='bbox 654 2785 701 2860; x_wconf 72' lang='grc' dir='ltr'><strong>τὴν</strong></span> <span class='ocrx_word' id='word_1_169' title='bbox 718 2788 838 2866; x_wconf 72' lang='grc' dir='ltr'>βελόνην,</span> 
     </span>
    </p>
   </div>
   <div class='ocr_carea' id='block_1_31' title="bbox 450 2905 761 2989">
    <p class='ocr_par' dir='ltr' id='par_1_31' title="bbox 450 2905 761 2989">
     <span class='ocr_line' id='line_1_32' title="bbox 450 2905 761 2989; baseline -0.003 0"><span class='ocrx_word' id='word_1_170' title='bbox 450 2905 454 2913; x_wconf 88' lang='lat'>·</span> <span class='ocrx_word' id='word_1_171' title='bbox 492 2938 554 2989; x_wconf 81' lang='grc'><strong>309.</strong></span> <span class='ocrx_word' id='word_1_172' title='bbox 575 2941 636 2986; x_wconf 81' lang='grc' dir='ltr'><strong>ΤΟΥ</strong></span> <span class='ocrx_word' id='word_1_173' title='bbox 654 2941 761 2988; x_wconf 78' lang='grc' dir='ltr'><strong>ΑΤΓΟΥ.</strong></span> 
     </span>
    </p>
   </div>
   <div class='ocr_carea' id='block_1_32' title="bbox 1095 1373 1732 1440">
    <p class='ocr_par' dir='ltr' id='par_1_32' title="bbox 1095 1373 1732 1440">
     <span class='ocr_line' id='line_1_33' title="bbox 1095 1373 1732 1440; baseline -0.003 -14"><span class='ocrx_word' id='word_1_174' title='bbox 1095 1375 1196 1426; x_wconf 83' lang='lat' dir='ltr'><strong>decreta</strong></span> <span class='ocrx_word' id='word_1_175' title='bbox 1204 1374 1295 1438; x_wconf 85' lang='lat' dir='ltr'><strong>aliquis</strong></span> <span class='ocrx_word' id='word_1_176' title='bbox 1306 1376 1417 1438; x_wconf 74' lang='lat' dir='ltr'><strong>querat,</strong></span> <span class='ocrx_word' id='word_1_177' title='bbox 1427 1373 1603 1440; x_wconf 79' lang='lat' dir='ltr'><strong>grammaticus</strong></span> <span class='ocrx_word' id='word_1_178' title='bbox 1610 1376 1636 1424; x_wconf 87' lang='lat' dir='ltr'><strong>tu</strong></span> <span class='ocrx_word' id='word_1_179' title='bbox 1645 1388 1732 1424; x_wconf 80' lang='lat' dir='ltr'><strong>rursus.</strong></span> 
     </span>
    </p>
   </div>
   <div class='ocr_carea' id='block_1_33' title="bbox 1063 1461 1671 1528">
    <p class='ocr_par' dir='ltr' id='par_1_33' title="bbox 1063 1461 1671 1528">
     <span class='ocr_line' id='line_1_34' title="bbox 1063 1461 1671 1528; baseline 0 -16"><span class='ocrx_word' id='word_1_180' title='bbox 1063 1465 1099 1512; x_wconf 81' lang='lat' dir='ltr'><strong>Ex</strong></span> <span class='ocrx_word' id='word_1_181' title='bbox 1111 1461 1235 1528; x_wconf 74' lang='lat' dir='ltr'><strong>unot&#39;ugis</strong></span> <span class='ocrx_word' id='word_1_182' title='bbox 1247 1461 1279 1513; x_wconf 92' lang='lat' dir='ltr'><strong>ad</strong></span> <span class='ocrx_word' id='word_1_183' title='bbox 1290 1463 1395 1513; x_wconf 86' lang='lat' dir='ltr'><strong>atterum</strong></span> <span class='ocrx_word' id='word_1_184' title='bbox 1412 1483 1418 1513; x_wconf 73' lang='grc' dir='ltr'>ι</span> <span class='ocrx_word' id='word_1_185' title='bbox 1433 1475 1514 1526; x_wconf 88' lang='lat' dir='ltr'><strong>neque</strong></span> <span class='ocrx_word' id='word_1_186' title='bbox 1526 1475 1584 1512; x_wconf 86' lang='lat' dir='ltr'><strong>vero</strong></span> <span class='ocrx_word' id='word_1_187' title='bbox 1596 1465 1671 1512; x_wconf 86' lang='lat' dir='ltr'><strong>artem</strong></span> 
     </span>
    </p>
   </div>
   <div class='ocr_carea' id='block_1_34' title="bbox 1095 1551 1657 1615">
    <p class='ocr_par' dir='ltr' id='par_1_34' title="bbox 1095 1551 1657 1615">
     <span class='ocr_line' id='line_1_35' title="bbox 1095 1551 1657 1615; baseline -0.004 -14"><span class='ocrx_word' id='word_1_188' title='bbox 1095 1552 1158 1602; x_wconf 82' lang='lat' dir='ltr'><strong>nosti</strong></span> <span class='ocrx_word' id='word_1_189' title='bbox 1170 1551 1368 1615; x_wconf 75' lang='lat' dir='ltr'><strong>grammaticam.</strong></span> <span class='ocrx_word' id='word_1_190' title='bbox 1381 1563 1460 1615; x_wconf 83' lang='lat' dir='ltr'><strong>neque</strong></span> <span class='ocrx_word' id='word_1_191' title='bbox 1474 1552 1611 1615; x_wconf 81' lang='lat' dir='ltr'><strong>platonicus</strong></span> <span class='ocrx_word' id='word_1_192' title='bbox 1623 1565 1657 1602; x_wconf 85' lang='lat' dir='ltr'><strong>es.</strong></span> 
     </span>
    </p>
   </div>
   <div class='ocr_carea' id='block_1_35' title="bbox 1347 1697 1572 1746">
    <p class='ocr_par' dir='ltr' id='par_1_35' title="bbox 1347 1697 1572 1746">
     <span class='ocr_line' id='line_1_36' title="bbox 1347 1697 1572 1746; baseline 0.013 -3"><span class='ocrx_word' id='word_1_193' title='bbox 1347 1697 1401 1743; x_wconf 82' lang='grc'><strong>306.</strong></span> <span class='ocrx_word' id='word_1_194' title='bbox 1424 1704 1572 1746; x_wconf 70' lang='lat' dir='ltr'><strong>HUSDRH.</strong></span> 
     </span>
    </p>
   </div>
   <div class='ocr_carea' id='block_1_36' title="bbox 1066 1832 1739 1898">
    <p class='ocr_par' dir='ltr' id='par_1_36' title="bbox 1066 1832 1739 1898">
     <span class='ocr_line' id='line_1_37' title="bbox 1066 1832 1739 1898; baseline 0.001 -15"><span class='ocrx_word' id='word_1_195' title='bbox 1066 1833 1169 1885; x_wconf 81' lang='lat' dir='ltr'><strong>Etiamsi</strong></span> <span class='ocrx_word' id='word_1_196' title='bbox 1182 1836 1239 1898; x_wconf 84' lang='lat' dir='ltr'><strong>post</strong></span> <span class='ocrx_word' id='word_1_197' title='bbox 1252 1832 1424 1884; x_wconf 74' lang='lat' dir='ltr'><strong>Alexandriam</strong></span> <span class='ocrx_word' id='word_1_198' title='bbox 1437 1833 1483 1897; x_wconf 88' lang='lat' dir='ltr'><strong>(in)</strong></span> <span class='ocrx_word' id='word_1_199' title='bbox 1497 1833 1650 1884; x_wconf 81' lang='lat' dir='ltr'><strong>Antiochiam</strong></span> <span class='ocrx_word' id='word_1_200' title='bbox 1662 1834 1739 1894; x_wconf 76' lang='lat' dir='ltr'><strong>abeas,</strong></span> 
     </span>
    </p>
   </div>
   <div class='ocr_carea' id='block_1_37' title="bbox 1097 1921 1512 1988">
    <p class='ocr_par' dir='ltr' id='par_1_37' title="bbox 1097 1921 1512 1988">
     <span class='ocr_line' id='line_1_38' title="bbox 1097 1921 1512 1988; baseline -0.002 -14"><span class='ocrx_word' id='word_1_201' title='bbox 1097 1925 1124 1974; x_wconf 90' lang='lat' dir='ltr'><strong>et</strong></span> <span class='ocrx_word' id='word_1_202' title='bbox 1138 1925 1194 1988; x_wconf 75' lang='lat' dir='ltr'><strong>nost</strong></span> <span class='ocrx_word' id='word_1_203' title='bbox 1209 1921 1305 1986; x_wconf 84' lang='lat' dir='ltr'><strong>syriam</strong></span> <span class='ocrx_word' id='word_1_204' title='bbox 1317 1922 1412 1972; x_wconf 83' lang='lat' dir='ltr'><strong>ltaliam</strong></span> <span class='ocrx_word' id='word_1_205' title='bbox 1426 1926 1512 1986; x_wconf 83' lang='lat' dir='ltr'><strong>petas,</strong></span> 
     </span>
    </p>
   </div>
   <div class='ocr_carea' id='block_1_38' title="bbox 1065 2009 1760 2164">
    <p class='ocr_par' dir='ltr' id='par_1_38' title="bbox 1065 2009 1760 2164">
     <span class='ocr_line' id='line_1_39' title="bbox 1065 2009 1760 2076; baseline -0.004 -14"><span class='ocrx_word' id='word_1_206' title='bbox 1065 2010 1203 2076; x_wconf 82' lang='lat' dir='ltr'><strong>potentium</strong></span> <span class='ocrx_word' id='word_1_207' title='bbox 1213 2011 1330 2061; x_wconf 80' lang='lat' dir='ltr'><strong>nuiluete</strong></span> <span class='ocrx_word' id='word_1_208' title='bbox 1340 2011 1534 2062; x_wconf 79' lang='lat' dir='ltr'><strong>uxorem-‹tuoet</strong></span> <span class='ocrx_word' id='word_1_209' title='bbox 1547 2031 1553 2060; x_wconf 87' lang='lat'>:</span> <span class='ocrx_word' id='word_1_210' title='bbox 1567 2009 1614 2059; x_wconf 87' lang='lat' dir='ltr'><strong>hoo</strong></span> <span class='ocrx_word' id='word_1_211' title='bbox 1624 2010 1685 2061; x_wconf 89' lang='lat' dir='ltr'><strong>enim</strong></span> <span class='ocrx_word' id='word_1_212' title='bbox 1695 2024 1760 2074; x_wconf 83' lang='grc' dir='ltr'>υευυε</span> 
     </span>
     <span class='ocr_line' id='line_1_40' title="bbox 1081 2098 1521 2164; baseline -0.002 -14"><span class='ocrx_word' id='word_1_213' title='bbox 1081 2129 1083 2134; x_wconf 85' lang='lat'><strong>.</strong></span> <span class='ocrx_word' id='word_1_214' title='bbox 1097 2104 1187 2164; x_wconf 78' lang='lat' dir='ltr'><strong>nutans</strong></span> <span class='ocrx_word' id='word_1_215' title='bbox 1200 2100 1259 2150; x_wconf 82' lang='lat' dir='ltr'><strong>satis</strong></span> <span class='ocrx_word' id='word_1_216' title='bbox 1270 2100 1294 2149; x_wconf 87' lang='lat' dir='ltr'><strong>tn</strong></span> <span class='ocrx_word' id='word_1_217' title='bbox 1309 2098 1397 2150; x_wconf 86' lang='lat' dir='ltr'><strong>urbem</strong></span> <span class='ocrx_word' id='word_1_218' title='bbox 1409 2113 1440 2150; x_wconf 88' lang='lat' dir='ltr'><strong>ex</strong></span> <span class='ocrx_word' id='word_1_219' title='bbox 1451 2100 1521 2150; x_wconf 85' lang='lat' dir='ltr'><strong>urbe.</strong></span> 
     </span>
    </p>
   </div>
   <div class='ocr_carea' id='block_1_39' title="bbox 1347 2218 1576 2267">
    <p class='ocr_par' dir='ltr' id='par_1_39' title="bbox 1347 2218 1576 2267">
     <span class='ocr_line' id='line_1_41' title="bbox 1347 2218 1576 2267; baseline -0.013 0"><span class='ocrx_word' id='word_1_220' title='bbox 1347 2218 1403 2267; x_wconf 81' lang='lat'><strong>3⁰7.</strong></span> <span class='ocrx_word' id='word_1_221' title='bbox 1426 2223 1576 2266; x_wconf 69' lang='lat' dir='ltr'><strong>HUSDBH.</strong></span> 
     </span>
    </p>
   </div>
   <div class='ocr_carea' id='block_1_40' title="bbox 1066 2345 1720 2408">
    <p class='ocr_par' dir='ltr' id='par_1_40' title="bbox 1066 2345 1720 2408">
     <span class='ocr_line' id='line_1_42' title="bbox 1066 2345 1720 2408; baseline -0.009 -11"><span class='ocrx_word' id='word_1_222' title='bbox 1066 2345 1154 2397; x_wconf 83' lang='lat' dir='ltr'><strong>Fitiurn</strong></span> <span class='ocrx_word' id='word_1_223' title='bbox 1168 2345 1245 2396; x_wconf 81' lang='lat' dir='ltr'><strong>habes</strong></span> <span class='ocrx_word' id='word_1_224' title='bbox 1256 2348 1386 2408; x_wconf 80' lang='lat' dir='ltr'><strong>Amorem,</strong></span> <span class='ocrx_word' id='word_1_225' title='bbox 1401 2357 1503 2397; x_wconf 81' lang='lat' dir='ltr'><strong>uxorem</strong></span> <span class='ocrx_word' id='word_1_226' title='bbox 1515 2357 1575 2394; x_wconf 85' lang='lat' dir='ltr'><strong>vero</strong></span> <span class='ocrx_word' id='word_1_227' title='bbox 1591 2346 1720 2394; x_wconf 82' lang='lat' dir='ltr'><strong>Venerem:</strong></span> 
     </span>
    </p>
   </div>
   <div class='ocr_carea' id='block_1_41' title="bbox 1098 2432 1681 2628">
    <p class='ocr_par' dir='ltr' id='par_1_41' title="bbox 1098 2432 1681 2628">
     <span class='ocr_line' id='line_1_43' title="bbox 1098 2432 1681 2498; baseline -0.01 -12"><span class='ocrx_word' id='word_1_228' title='bbox 1098 2450 1147 2486; x_wconf 91' lang='lat' dir='ltr'><strong>non</strong></span> <span class='ocrx_word' id='word_1_229' title='bbox 1161 2435 1261 2497; x_wconf 82' lang='lat' dir='ltr'><strong>injuria,</strong></span> <span class='ocrx_word' id='word_1_230' title='bbox 1277 2433 1355 2494; x_wconf 82' lang='lat' dir='ltr'><strong>taber,</strong></span> <span class='ocrx_word' id='word_1_231' title='bbox 1366 2433 1455 2498; x_wconf 83' lang='lat' dir='ltr'><strong>pedem</strong></span> <span class='ocrx_word' id='word_1_232' title='bbox 1467 2432 1586 2484; x_wconf 82' lang='lat' dir='ltr'><strong>claudum</strong></span> <span class='ocrx_word' id='word_1_233' title='bbox 1601 2432 1681 2482; x_wconf 72' lang='lat' dir='ltr'><strong>habea</strong></span> 
     </span>
     <span class='ocr_line' id='line_1_44' title="bbox 1357 2577 1583 2628; baseline -0.022 -2"><span class='ocrx_word' id='word_1_234' title='bbox 1357 2579 1414 2627; x_wconf 82' lang='grc'><strong>303.</strong></span> <span class='ocrx_word' id='word_1_235' title='bbox 1432 2577 1583 2628; x_wconf 70' lang='lat' dir='ltr'><strong>triclinii.</strong></span> 
     </span>
    </p>
   </div>
   <div class='ocr_carea' id='block_1_42' title="bbox 1069 2715 1580 2781">
    <p class='ocr_par' dir='ltr' id='par_1_42' title="bbox 1069 2715 1580 2781">
     <span class='ocr_line' id='line_1_45' title="bbox 1069 2715 1580 2781; baseline -0.002 -13"><span class='ocrx_word' id='word_1_236' title='bbox 1069 2717 1159 2770; x_wconf 78' lang='lat' dir='ltr'><strong>Pedem</strong></span> <span class='ocrx_word' id='word_1_237' title='bbox 1173 2731 1220 2768; x_wconf 84' lang='lat' dir='ltr'><strong>auu</strong></span> <span class='ocrx_word' id='word_1_238' title='bbox 1232 2718 1315 2768; x_wconf 76' lang='lat' dir='ltr'><strong>torano</strong></span> <span class='ocrx_word' id='word_1_239' title='bbox 1326 2715 1456 2768; x_wconf 75' lang='lat' dir='ltr'><strong>Cleonicus</strong></span> <span class='ocrx_word' id='word_1_240' title='bbox 1467 2717 1580 2781; x_wconf 80' lang='lat' dir='ltr'><strong>gracilis,</strong></span> 
     </span>
    </p>
   </div>
   <div class='ocr_carea' id='block_1_43' title="bbox 1099 2805 1423 2871">
    <p class='ocr_par' dir='ltr' id='par_1_43' title="bbox 1099 2805 1423 2871">
     <span class='ocr_line' id='line_1_46' title="bbox 1099 2805 1423 2871; baseline -0.003 -13"><span class='ocrx_word' id='word_1_241' title='bbox 1099 2807 1152 2871; x_wconf 86' lang='lat' dir='ltr'><strong>ipse</strong></span> <span class='ocrx_word' id='word_1_242' title='bbox 1165 2805 1254 2857; x_wconf 85' lang='lat' dir='ltr'><strong>torarit</strong></span> <span class='ocrx_word' id='word_1_243' title='bbox 1265 2805 1328 2871; x_wconf 79' lang='lat' dir='ltr'><strong>pede</strong></span> <span class='ocrx_word' id='word_1_244' title='bbox 1341 2819 1423 2857; x_wconf 86' lang='lat' dir='ltr'><strong>neum.</strong></span> 
     </span>
    </p>
   </div>
   <div class='ocr_carea' id='block_1_44' title="bbox 1348 2949 1575 2998">
    <p class='ocr_par' dir='ltr' id='par_1_44' title="bbox 1348 2949 1575 2998">
     <span class='ocr_line' id='line_1_47' title="bbox 1348 2949 1575 2998; baseline 0 -2"><span class='ocrx_word' id='word_1_245' title='bbox 1348 2949 1403 2996; x_wconf 82' lang='grc'><strong>309.</strong></span> <span class='ocrx_word' id='word_1_246' title='bbox 1427 2955 1575 2998; x_wconf 70' lang='lat' dir='ltr'><strong>masnata.</strong></span> 
     </span>
    </p>
   </div>
   <div class='ocr_carea' id='block_1_45' title="bbox 232 3055 1773 3136">
    <p class='ocr_par' dir='ltr' id='par_1_45' title="bbox 232 3055 1773 3136">
     <span class='ocr_line' id='line_1_48' title="bbox 232 3055 1773 3136; baseline -0.003 -19"><span class='ocrx_word' id='word_1_247' title='bbox 232 3056 419 3136; x_wconf 83' lang='grc' dir='ltr'>Θαρσόμαχε,</span> <span class='ocrx_word' id='word_1_248' title='bbox 433 3058 546 3116; x_wconf 76' lang='grc' dir='ltr'>πλοῦτον</span> <span class='ocrx_word' id='word_1_249' title='bbox 562 3055 645 3116; x_wconf 81' lang='grc' dir='ltr'>πολθν</span> <span class='ocrx_word' id='word_1_250' title='bbox 659 3057 760 3124; x_wconf 83' lang='grc' dir='ltr'>ὤλεσας</span> <span class='ocrx_word' id='word_1_251' title='bbox 772 3055 798 3125; x_wconf 81' lang='grc' dir='ltr'><strong>ἐξ</strong></span> <span class='ocrx_word' id='word_1_252' title='bbox 814 3055 971 3130; x_wconf 70' lang='grc' dir='ltr'>ε’πεθσυλῆς,</span> <span class='ocrx_word' id='word_1_253' title='bbox 1063 3069 1259 3133; x_wconf 81' lang='lat' dir='ltr'><strong>Ttrraaymaetre,</strong></span> <span class='ocrx_word' id='word_1_254' title='bbox 1272 3068 1373 3118; x_wconf 81' lang='lat' dir='ltr'><strong>divitiae</strong></span> <span class='ocrx_word' id='word_1_255' title='bbox 1388 3067 1479 3116; x_wconf 79' lang='lat' dir='ltr'><strong>multae</strong></span> <span class='ocrx_word' id='word_1_256' title='bbox 1497 3064 1628 3130; x_wconf 72' lang='lat' dir='ltr'><strong>perdidisti</strong></span> <span class='ocrx_word' id='word_1_257' title='bbox 1641 3079 1671 3116; x_wconf 81' lang='lat' dir='ltr'><strong>ea</strong></span> <span class='ocrx_word' id='word_1_258' title='bbox 1687 3064 1773 3117; x_wconf 71' lang='lat' dir='ltr'><strong>insidis¹</strong></span> 
     </span>
    </p>
   </div>
   <div class='ocr_carea' id='block_1_46' title="bbox 273 3143 769 3219">
    <p class='ocr_par' dir='ltr' id='par_1_46' title="bbox 273 3143 769 3219">
     <span class='ocr_line' id='line_1_49' title="bbox 273 3143 769 3219; baseline 0.024 -17"><span class='ocrx_word' id='word_1_259' title='bbox 273 3146 308 3211; x_wconf 84' lang='grc' dir='ltr'><strong>είς</strong></span> <span class='ocrx_word' id='word_1_260' title='bbox 322 3144 395 3204; x_wconf 73' lang='lat' dir='ltr'><strong>oridia</strong></span> <span class='ocrx_word' id='word_1_261' title='bbox 408 3145 432 3202; x_wconf 87' lang='grc' dir='ltr'><strong>δ’</strong></span> <span class='ocrx_word' id='word_1_262' title='bbox 444 3143 517 3217; x_wconf 77' lang='grc' dir='ltr'>ἥκεις</span> <span class='ocrx_word' id='word_1_263' title='bbox 529 3145 616 3212; x_wconf 84' lang='grc' dir='ltr'>ἄθλιος</span> <span class='ocrx_word' id='word_1_264' title='bbox 628 3144 769 3219; x_wconf 69' lang='grc' dir='ltr'>ἐξαπίνης,</span> 
     </span>
    </p>
   </div>
   <div class='ocr_carea' id='block_1_47' title="bbox 232 3231 977 3490">
    <p class='ocr_par' dir='ltr' id='par_1_47' title="bbox 232 3231 977 3490">
     <span class='ocr_line' id='line_1_50' title="bbox 232 3231 977 3313; baseline -0.001 -21"><span class='ocrx_word' id='word_1_265' title='bbox 232 3231 404 3313; x_wconf 75' lang='grc' dir='ltr'>φεισάμενος,</span> <span class='ocrx_word' id='word_1_266' title='bbox 418 3231 543 3305; x_wconf 82' lang='grc' dir='ltr'>δανίσας,</span> <span class='ocrx_word' id='word_1_267' title='bbox 559 3233 665 3304; x_wconf 80' lang='grc' dir='ltr'>ῑοκίσας</span> <span class='ocrx_word' id='word_1_268' title='bbox 680 3232 767 3305; x_wconf 82' lang='grc' dir='ltr'>τόκον,</span> <span class='ocrx_word' id='word_1_269' title='bbox 780 3234 977 3312; x_wconf 77' lang='grc' dir='ltr'>θδροποτησας,</span> 
     </span>
     <span class='ocr_line' id='line_1_51' title="bbox 272 3320 913 3403; baseline 0.005 -24"><span class='ocrx_word' id='word_1_270' title='bbox 272 3321 388 3380; x_wconf 91' lang='grc' dir='ltr'>πολλάκι</span> <span class='ocrx_word' id='word_1_271' title='bbox 403 3321 470 3398; x_wconf 78' lang='grc' dir='ltr'>μηδὲ</span> <span class='ocrx_word' id='word_1_272' title='bbox 485 3320 589 3403; x_wconf 85' lang='grc' dir='ltr'>ραγὼν,</span> <span class='ocrx_word' id='word_1_273' title='bbox 605 3321 673 3380; x_wconf 77' lang='grc' dir='ltr'>ὥστε</span> <span class='ocrx_word' id='word_1_274' title='bbox 688 3345 714 3379; x_wconf 88' lang='grc' dir='ltr'>τι</span> <span class='ocrx_word' id='word_1_275' title='bbox 728 3326 818 3382; x_wconf 83' lang='grc' dir='ltr'>πλεῖον</span> <span class='ocrx_word' id='word_1_276' title='bbox 833 3321 913 3402; x_wconf 79' lang='grc' dir='ltr'>ἔχειν.</span> 
     </span>
     <span class='ocr_line' id='line_1_52' title="bbox 233 3409 935 3490; baseline 0 -22"><span class='ocrx_word' id='word_1_277' title='bbox 233 3409 302 3468; x_wconf 75' lang='grc' dir='ltr'>Ἀλλ’</span> <span class='ocrx_word' id='word_1_278' title='bbox 316 3409 340 3469; x_wconf 81' lang='grc' dir='ltr'><strong>εἴ</strong></span> <span class='ocrx_word' id='word_1_279' title='bbox 351 3433 397 3485; x_wconf 90' lang='grc' dir='ltr'>μοι</span> <span class='ocrx_word' id='word_1_280' title='bbox 408 3409 529 3488; x_wconf 91' lang='grc' dir='ltr'>λογίσαιο</span> <span class='ocrx_word' id='word_1_281' title='bbox 543 3410 573 3470; x_wconf 80' lang='grc' dir='ltr'><strong>τὸ</strong></span> <span class='ocrx_word' id='word_1_282' title='bbox 584 3415 676 3490; x_wconf 79' lang='grc' dir='ltr'>πεινῇν</span> <span class='ocrx_word' id='word_1_283' title='bbox 688 3411 734 3469; x_wconf 78' lang='grc' dir='ltr'><strong>καί</strong></span> <span class='ocrx_word' id='word_1_284' title='bbox 747 3410 807 3470; x_wconf 84' lang='grc' dir='ltr'>τότε</span> <span class='ocrx_word' id='word_1_285' title='bbox 822 3412 867 3470; x_wconf 89' lang='grc' dir='ltr'><strong>καὶ</strong></span> <span class='ocrx_word' id='word_1_286' title='bbox 880 3415 935 3483; x_wconf 80' lang='grc' dir='ltr'>νῦν,</span> 
     </span>
    </p>
   </div>
   <div class='ocr_carea' id='block_1_48' title="bbox 273 3490 864 3580">
    <p class='ocr_par' dir='ltr' id='par_1_48' title="bbox 273 3490 864 3580">
     <span class='ocr_line' id='line_1_53' title="bbox 273 3490 864 3580; baseline 0.002 -25"><span class='ocrx_word' id='word_1_287' title='bbox 273 3496 346 3558; x_wconf 78' lang='grc' dir='ltr'>οὐδὲν</span> <span class='ocrx_word' id='word_1_288' title='bbox 361 3497 470 3558; x_wconf 69' lang='grc' dir='ltr'>ἔλαττον</span> <span class='ocrx_word' id='word_1_289' title='bbox 484 3498 554 3578; x_wconf 80' lang='grc' dir='ltr'>ἔχεις</span> <span class='ocrx_word' id='word_1_290' title='bbox 568 3490 604 3558; x_wconf 77' lang='grc' dir='ltr'><strong>ὧν</strong></span> <span class='ocrx_word' id='word_1_291' title='bbox 619 3499 674 3559; x_wconf 83' lang='grc' dir='ltr'>τότ’</span> <span class='ocrx_word' id='word_1_292' title='bbox 684 3498 772 3568; x_wconf 81' lang='grc' dir='ltr'>ἔδοξας</span> <span class='ocrx_word' id='word_1_293' title='bbox 787 3498 864 3580; x_wconf 80' lang='grc' dir='ltr'>ἔχειν.</span> 
     </span>
    </p>
   </div>
   <div class='ocr_carea' id='block_1_49' title="bbox 494 3636 761 3686">
    <p class='ocr_par' dir='ltr' id='par_1_49' title="bbox 494 3636 761 3686">
     <span class='ocr_line' id='line_1_54' title="bbox 494 3636 761 3686; baseline -0.004 0"><span class='ocrx_word' id='word_1_294' title='bbox 494 3636 554 3686; x_wconf 83' lang='grc'><strong>310.</strong></span> <span class='ocrx_word' id='word_1_295' title='bbox 576 3639 635 3684; x_wconf 80' lang='grc' dir='ltr'><strong>ΤΟΥ</strong></span> <span class='ocrx_word' id='word_1_296' title='bbox 654 3638 761 3685; x_wconf 80' lang='grc' dir='ltr'><strong>λΠΟΥ.</strong></span> 
     </span>
    </p>
   </div>
   <div class='ocr_carea' id='block_1_50' title="bbox 1066 3147 1804 3309">
    <p class='ocr_par' dir='ltr' id='par_1_50' title="bbox 1066 3147 1804 3309">
     <span class='ocr_line' id='line_1_55' title="bbox 1095 3147 1804 3220; baseline -0.016 -10"><span class='ocrx_word' id='word_1_297' title='bbox 1095 3162 1122 3210; x_wconf 87' lang='lat' dir='ltr'><strong>at</strong></span> <span class='ocrx_word' id='word_1_298' title='bbox 1134 3159 1158 3208; x_wconf 91' lang='lat' dir='ltr'><strong>in</strong></span> <span class='ocrx_word' id='word_1_299' title='bbox 1176 3158 1237 3209; x_wconf 82' lang='lat' dir='ltr'><strong>uitril</strong></span> <span class='ocrx_word' id='word_1_300' title='bbox 1249 3156 1339 3207; x_wconf 80' lang='lat' dir='ltr'><strong>venisti</strong></span> <span class='ocrx_word' id='word_1_301' title='bbox 1354 3156 1429 3206; x_wconf 79' lang='lat' dir='ltr'><strong>miser</strong></span> <span class='ocrx_word' id='word_1_302' title='bbox 1441 3157 1541 3220; x_wconf 81' lang='lat' dir='ltr'><strong>repente</strong></span> <span class='ocrx_word' id='word_1_303' title='bbox 1636 3153 1719 3217; x_wconf 86' lang='lat' dir='ltr'><strong>[quan</strong></span> <span class='ocrx_word' id='word_1_304' title='bbox 1727 3147 1804 3216; x_wconf 73' lang='lat' dir='ltr'><strong>potati,</strong></span> 
     </span>
     <span class='ocr_line' id='line_1_56' title="bbox 1066 3241 1804 3309; baseline -0.014 -13"><span class='ocrx_word' id='word_1_305' title='bbox 1066 3245 1318 3309; x_wconf 67' lang='lat' dir='ltr'><strong>matonam-pamiati</strong></span> <span class='ocrx_word' id='word_1_306' title='bbox 1329 3244 1463 3301; x_wconf 76' lang='lat' dir='ltr'><strong>ioeneraati.</strong></span> <span class='ocrx_word' id='word_1_307' title='bbox 1475 3241 1701 3304; x_wconf 75' lang='lat' dir='ltr'><strong>enatantis-parasti</strong></span> <span class='ocrx_word' id='word_1_308' title='bbox 1709 3253 1781 3288; x_wconf 78' lang='lat' dir='ltr'><strong>amru.</strong></span> <span class='ocrx_word' id='word_1_309' title='bbox 1788 3251 1804 3286; x_wconf 87' lang='grc' dir='ltr'>ι-</span> 
     </span>
    </p>
   </div>
   <div class='ocr_carea' id='block_1_51' title="bbox 1100 3329 1747 3398">
    <p class='ocr_par' dir='ltr' id='par_1_51' title="bbox 1100 3329 1747 3398">
     <span class='ocr_line' id='line_1_57' title="bbox 1100 3329 1747 3398; baseline -0.008 -14"><span class='ocrx_word' id='word_1_310' title='bbox 1100 3346 1165 3398; x_wconf 76' lang='lat' dir='ltr'><strong>supe</strong></span> <span class='ocrx_word' id='word_1_311' title='bbox 1178 3344 1208 3384; x_wconf 87' lang='lat' dir='ltr'><strong>ne</strong></span> <span class='ocrx_word' id='word_1_312' title='bbox 1218 3331 1295 3384; x_wconf 80' lang='grc' dir='ltr'>οθειιε</span> <span class='ocrx_word' id='word_1_313' title='bbox 1304 3331 1421 3396; x_wconf 87' lang='lat' dir='ltr'><strong>quidem,</strong></span> <span class='ocrx_word' id='word_1_314' title='bbox 1434 3334 1463 3383; x_wconf 91' lang='lat' dir='ltr'><strong>ut</strong></span> <span class='ocrx_word' id='word_1_315' title='bbox 1476 3331 1570 3396; x_wconf 81' lang='lat' dir='ltr'><strong>aliquid</strong></span> <span class='ocrx_word' id='word_1_316' title='bbox 1583 3331 1639 3395; x_wconf 82' lang='lat' dir='ltr'><strong>plur</strong></span> <span class='ocrx_word' id='word_1_317' title='bbox 1651 3329 1747 3380; x_wconf 71' lang='lat' dir='ltr'><strong>imma.</strong></span> 
     </span>
    </p>
   </div>
   <div class='ocr_carea' id='block_1_52' title="bbox 1068 3420 1758 3489">
    <p class='ocr_par' dir='ltr' id='par_1_52' title="bbox 1068 3420 1758 3489">
     <span class='ocr_line' id='line_1_58' title="bbox 1068 3420 1758 3489; baseline -0.004 -14"><span class='ocrx_word' id='word_1_318' title='bbox 1068 3428 1101 3474; x_wconf 91' lang='lat' dir='ltr'><strong>At</strong></span> <span class='ocrx_word' id='word_1_319' title='bbox 1112 3423 1134 3475; x_wconf 86' lang='lat' dir='ltr'><strong>si</strong></span> <span class='ocrx_word' id='word_1_320' title='bbox 1146 3423 1206 3474; x_wconf 83' lang='lat' dir='ltr'><strong>mihi</strong></span> <span class='ocrx_word' id='word_1_321' title='bbox 1218 3421 1360 3489; x_wconf 75' lang='lat' dir='ltr'><strong>supputans</strong></span> <span class='ocrx_word' id='word_1_322' title='bbox 1371 3421 1435 3473; x_wconf 92' lang='lat' dir='ltr'><strong>ittud</strong></span> <span class='ocrx_word' id='word_1_323' title='bbox 1448 3420 1544 3476; x_wconf 78' lang='lat' dir='ltr'><strong>esurire</strong></span> <span class='ocrx_word' id='word_1_324' title='bbox 1554 3423 1581 3471; x_wconf 90' lang='lat' dir='ltr'><strong>et</strong></span> <span class='ocrx_word' id='word_1_325' title='bbox 1589 3423 1648 3471; x_wconf 85' lang='lat' dir='ltr'><strong>tuno</strong></span> <span class='ocrx_word' id='word_1_326' title='bbox 1660 3422 1684 3470; x_wconf 90' lang='lat' dir='ltr'><strong>et</strong></span> <span class='ocrx_word' id='word_1_327' title='bbox 1693 3431 1758 3478; x_wconf 85' lang='lat' dir='ltr'><strong>nunt.</strong></span> 
     </span>
    </p>
   </div>
   <div class='ocr_carea' id='block_1_53' title="bbox 1100 3505 1825 3684">
    <p class='ocr_par' dir='ltr' id='par_1_53' title="bbox 1100 3505 1825 3684">
     <span class='ocr_line' id='line_1_59' title="bbox 1100 3505 1825 3573; baseline -0.008 -12"><span class='ocrx_word' id='word_1_328' title='bbox 1100 3509 1159 3561; x_wconf 87' lang='lat' dir='ltr'><strong>nihil</strong></span> <span class='ocrx_word' id='word_1_329' title='bbox 1172 3511 1256 3561; x_wconf 85' lang='lat' dir='ltr'><strong>minus</strong></span> <span class='ocrx_word' id='word_1_330' title='bbox 1266 3508 1344 3560; x_wconf 82' lang='lat' dir='ltr'><strong>habes</strong></span> <span class='ocrx_word' id='word_1_331' title='bbox 1355 3509 1452 3573; x_wconf 69' lang='lat' dir='ltr'><strong>iia-quaa</strong></span> <span class='ocrx_word' id='word_1_332' title='bbox 1462 3511 1523 3559; x_wconf 86' lang='lat' dir='ltr'><strong>tuno</strong></span> <span class='ocrx_word' id='word_1_333' title='bbox 1534 3507 1642 3558; x_wconf 71' lang='grc' dir='ltr'>εἰευεοε</span> <span class='ocrx_word' id='word_1_334' title='bbox 1651 3505 1735 3556; x_wconf 79' lang='lat' dir='ltr'><strong>trabem</strong></span> <span class='ocrx_word' id='word_1_335' title='bbox 1824 3533 1825 3536; x_wconf 61' lang='lat'><em>=</em></span> 
     </span>
     <span class='ocr_line' id='line_1_60' title="bbox 1350 3635 1577 3684; baseline -0.004 -2"><span class='ocrx_word' id='word_1_336' title='bbox 1350 3635 1405 3683; x_wconf 78' lang='lat' dir='ltr'><strong>tto.</strong></span> <span class='ocrx_word' id='word_1_337' title='bbox 1429 3641 1577 3684; x_wconf 67' lang='lat' dir='ltr'><strong>masnata.</strong></span> 
     </span>
    </p>
   </div>
   <div class='ocr_carea' id='block_1_54' title="bbox 234 3750 1720 3833">
    <p class='ocr_par' dir='ltr' id='par_1_54' title="bbox 234 3750 1720 3833">
     <span class='ocr_line' id='line_1_61' title="bbox 234 3750 1720 3833; baseline -0.001 -21"><span class='ocrx_word' id='word_1_338' title='bbox 234 3751 388 3830; x_wconf 80' lang='grc' dir='ltr'>Ἠγόρασας</span> <span class='ocrx_word' id='word_1_339' title='bbox 398 3750 568 3828; x_wconf 77' lang='grc' dir='ltr'>πλοκάμους,</span> <span class='ocrx_word' id='word_1_340' title='bbox 583 3757 676 3833; x_wconf 78' lang='grc' dir='ltr'>φῦκος.</span> <span class='ocrx_word' id='word_1_341' title='bbox 693 3753 767 3830; x_wconf 88' lang='grc' dir='ltr'>με’λι,</span> <span class='ocrx_word' id='word_1_342' title='bbox 781 3752 874 3832; x_wconf 79' lang='grc' dir='ltr'>κηρὸν,</span> <span class='ocrx_word' id='word_1_343' title='bbox 892 3751 1010 3822; x_wconf 70' lang='grc' dir='ltr'>ὀδόντας</span> <span class='ocrx_word' id='word_1_344' title='bbox 1071 3762 1158 3814; x_wconf 80' lang='lat' dir='ltr'><strong>Emiati</strong></span> <span class='ocrx_word' id='word_1_345' title='bbox 1172 3763 1311 3826; x_wconf 74' lang='lat' dir='ltr'><strong>cincinnos,</strong></span> <span class='ocrx_word' id='word_1_346' title='bbox 1327 3763 1427 3827; x_wconf 84' lang='lat' dir='ltr'><strong>iuoum,</strong></span> <span class='ocrx_word' id='word_1_347' title='bbox 1441 3763 1504 3824; x_wconf 86' lang='lat' dir='ltr'><strong>mel,</strong></span> <span class='ocrx_word' id='word_1_348' title='bbox 1518 3776 1600 3814; x_wconf 87' lang='lat' dir='ltr'><strong>oeram</strong></span> <span class='ocrx_word' id='word_1_349' title='bbox 1609 3801 1616 3823; x_wconf 91' lang='lat'>,</span> <span class='ocrx_word' id='word_1_350' title='bbox 1626 3761 1720 3812; x_wconf 67' lang='lat' dir='ltr'><strong>danim:</strong></span> 
     </span>
    </p>
   </div>
   <div class='ocr_carea' id='block_1_55' title="bbox 274 3838 819 3919">
    <p class='ocr_par' dir='ltr' id='par_1_55' title="bbox 274 3838 819 3919">
     <span class='ocr_line' id='line_1_62' title="bbox 274 3838 819 3919; baseline 0.009 -23"><span class='ocrx_word' id='word_1_351' title='bbox 274 3841 320 3906; x_wconf 75' lang='grc' dir='ltr'>τῆς</span> <span class='ocrx_word' id='word_1_352' title='bbox 332 3841 411 3906; x_wconf 78' lang='grc' dir='ltr'>αὐτῆς</span> <span class='ocrx_word' id='word_1_353' title='bbox 423 3839 542 3910; x_wconf 75' lang='grc' dir='ltr'>δαπάνης</span> <span class='ocrx_word' id='word_1_354' title='bbox 556 3838 615 3919; x_wconf 79' lang='grc' dir='ltr'>ὄψιν</span> <span class='ocrx_word' id='word_1_355' title='bbox 628 3839 661 3898; x_wconf 77' lang='grc' dir='ltr'><strong>δν</strong></span> <span class='ocrx_word' id='word_1_356' title='bbox 675 3841 819 3918; x_wconf 77' lang='grc' dir='ltr'>ἠγόρασας.</span> 
     </span>
    </p>
   </div>
   <div class='ocr_carea' id='block_1_56' title="bbox 234 4009 902 5334">
    <p class='ocr_par' dir='ltr' id='par_1_56' title="bbox 234 4009 902 5334">
     <span class='ocr_line' id='line_1_63' title="bbox 236 4009 775 4073; baseline 0 -13"><span class='ocrx_word' id='word_1_357' title='bbox 236 4017 268 4060; x_wconf 92' lang='lat' dir='ltr'><strong>At</strong></span> <span class='ocrx_word' id='word_1_358' title='bbox 279 4009 318 4058; x_wconf 82' lang='lat' dir='ltr'><strong>oui</strong></span> <span class='ocrx_word' id='word_1_359' title='bbox 330 4025 412 4059; x_wconf 77' lang='lat' dir='ltr'><strong>senatus</strong></span> <span class='ocrx_word' id='word_1_360' title='bbox 423 4009 504 4073; x_wconf 78' lang='lat' dir='ltr'><strong>adeat,</strong></span> <span class='ocrx_word' id='word_1_361' title='bbox 519 4010 572 4060; x_wconf 74' lang='lat' dir='ltr'><strong>aliie</strong></span> <span class='ocrx_word' id='word_1_362' title='bbox 585 4011 711 4060; x_wconf 81' lang='lat' dir='ltr'><strong>ostendere</strong></span> <span class='ocrx_word' id='word_1_363' title='bbox 725 4027 775 4060; x_wconf 81' lang='lat' dir='ltr'><strong>aeae</strong></span> 
     </span>
     <span class='ocr_line' id='line_1_64' title="bbox 268 4092 746 4160; baseline 0.01 -19"><span class='ocrx_word' id='word_1_364' title='bbox 268 4092 335 4143; x_wconf 86' lang='lat' dir='ltr'><strong>Vitat</strong></span> <span class='ocrx_word' id='word_1_365' title='bbox 349 4103 373 4143; x_wconf 89' lang='lat' dir='ltr'><strong>et</strong></span> <span class='ocrx_word' id='word_1_366' title='bbox 387 4092 501 4144; x_wconf 84' lang='lat' dir='ltr'><strong>aiieetum</strong></span> <span class='ocrx_word' id='word_1_367' title='bbox 513 4094 558 4144; x_wconf 83' lang='lat' dir='ltr'><strong>rub</strong></span> <span class='ocrx_word' id='word_1_368' title='bbox 572 4095 665 4145; x_wconf 87' lang='lat' dir='ltr'><strong>ratione</strong></span> <span class='ocrx_word' id='word_1_369' title='bbox 678 4095 746 4160; x_wconf 67' lang='lat' dir='ltr'><strong>tergit.</strong></span> 
     </span>
     <span class='ocr_line' id='line_1_65' title="bbox 234 4177 856 4246; baseline 0.002 -18"><span class='ocrx_word' id='word_1_370' title='bbox 234 4177 280 4228; x_wconf 77' lang='lat' dir='ltr'><strong>snt</strong></span> <span class='ocrx_word' id='word_1_371' title='bbox 293 4177 337 4228; x_wconf 88' lang='lat' dir='ltr'><strong>tibi</strong></span> <span class='ocrx_word' id='word_1_372' title='bbox 351 4177 415 4228; x_wconf 88' lang='lat' dir='ltr'><strong>nuda</strong></span> <span class='ocrx_word' id='word_1_373' title='bbox 429 4187 513 4245; x_wconf 88' lang='lat' dir='ltr'><strong>patent</strong></span> <span class='ocrx_word' id='word_1_374' title='bbox 526 4188 550 4228; x_wconf 86' lang='lat' dir='ltr'><strong>et</strong></span> <span class='ocrx_word' id='word_1_375' title='bbox 562 4180 654 4229; x_wconf 84' lang='lat' dir='ltr'><strong>eunetis</strong></span> <span class='ocrx_word' id='word_1_376' title='bbox 669 4180 776 4246; x_wconf 84' lang='lat' dir='ltr'><strong>undique</strong></span> <span class='ocrx_word' id='word_1_377' title='bbox 789 4182 856 4232; x_wconf 82' lang='lat' dir='ltr'><strong>cerni</strong></span> 
     </span>
     <span class='ocr_line' id='line_1_66' title="bbox 268 4261 861 4330; baseline 0.005 -18"><span class='ocrx_word' id='word_1_378' title='bbox 268 4261 361 4324; x_wconf 73' lang='lat' dir='ltr'><strong>Obvia,</strong></span> <span class='ocrx_word' id='word_1_379' title='bbox 373 4279 416 4313; x_wconf 80' lang='lat' dir='ltr'><strong>rau</strong></span> <span class='ocrx_word' id='word_1_380' title='bbox 430 4261 547 4324; x_wconf 82' lang='lat' dir='ltr'><strong>timeant,</strong></span> <span class='ocrx_word' id='word_1_381' title='bbox 560 4275 671 4330; x_wconf 84' lang='lat' dir='ltr'><strong>pectora,</strong></span> <span class='ocrx_word' id='word_1_382' title='bbox 686 4281 728 4314; x_wconf 82' lang='grc' dir='ltr'><strong>εου</strong></span> <span class='ocrx_word' id='word_1_383' title='bbox 742 4274 861 4315; x_wconf 84' lang='lat' dir='ltr'><strong>tumeant.</strong></span> 
     </span>
     <span class='ocr_line' id='line_1_67' title="bbox 532 4349 730 4398; baseline 0.005 -2"><span class='ocrx_word' id='word_1_384' title='bbox 532 4349 589 4397; x_wconf 80' lang='lat'><strong>305.</strong></span> <span class='ocrx_word' id='word_1_385' title='bbox 609 4365 730 4398; x_wconf 76' lang='grc' dir='ltr'>υσεοιεε.</span> 
     </span>
     <span class='ocr_line' id='line_1_68' title="bbox 236 4429 892 4496; baseline 0.002 -17"><span class='ocrx_word' id='word_1_386' title='bbox 236 4429 348 4480; x_wconf 83' lang='lat' dir='ltr'><strong>Stultitire</strong></span> <span class='ocrx_word' id='word_1_387' title='bbox 359 4431 469 4492; x_wconf 74' lang='lat' dir='ltr'><strong>robolar,</strong></span> <span class='ocrx_word' id='word_1_388' title='bbox 484 4431 523 4481; x_wconf 87' lang='lat' dir='ltr'><strong>cui</strong></span> <span class='ocrx_word' id='word_1_389' title='bbox 536 4448 580 4482; x_wconf 87' lang='lat' dir='ltr'><strong>nee</strong></span> <span class='ocrx_word' id='word_1_390' title='bbox 596 4431 661 4481; x_wconf 86' lang='lat' dir='ltr'><strong>ironr</strong></span> <span class='ocrx_word' id='word_1_391' title='bbox 673 4432 721 4481; x_wconf 86' lang='lat' dir='ltr'><strong>ulia</strong></span> <span class='ocrx_word' id='word_1_392' title='bbox 734 4448 778 4482; x_wconf 86' lang='lat' dir='ltr'><strong>nee</strong></span> <span class='ocrx_word' id='word_1_393' title='bbox 792 4442 828 4482; x_wconf 79' lang='lat' dir='ltr'><strong>eat</strong></span> <span class='ocrx_word' id='word_1_394' title='bbox 840 4449 892 4496; x_wconf 86' lang='lat' dir='ltr'><strong>ror,</strong></span> 
     </span>
     <span class='ocr_line' id='line_1_69' title="bbox 270 4513 841 4575; baseline 0.007 -12"><span class='ocrx_word' id='word_1_395' title='bbox 270 4515 331 4563; x_wconf 88' lang='lat' dir='ltr'><strong>Cum</strong></span> <span class='ocrx_word' id='word_1_396' title='bbox 344 4513 407 4564; x_wconf 85' lang='lat' dir='ltr'><strong>bene</strong></span> <span class='ocrx_word' id='word_1_397' title='bbox 420 4514 455 4565; x_wconf 89' lang='lat' dir='ltr'><strong>nii</strong></span> <span class='ocrx_word' id='word_1_398' title='bbox 469 4515 548 4575; x_wconf 81' lang='lat' dir='ltr'><strong>noris,</strong></span> <span class='ocrx_word' id='word_1_399' title='bbox 562 4515 636 4565; x_wconf 76' lang='lat' dir='ltr'><strong>iaetus</strong></span> <span class='ocrx_word' id='word_1_400' title='bbox 648 4514 687 4566; x_wconf 87' lang='lat' dir='ltr'><strong>hio</strong></span> <span class='ocrx_word' id='word_1_401' title='bbox 699 4515 763 4565; x_wconf 88' lang='lat' dir='ltr'><strong>unde</strong></span> <span class='ocrx_word' id='word_1_402' title='bbox 777 4515 841 4567; x_wconf 80' lang='lat' dir='ltr'><strong>tibi?</strong></span> 
     </span>
     <span class='ocr_line' id='line_1_70' title="bbox 236 4585 860 4665; baseline 0.011 -23"><span class='ocrx_word' id='word_1_403' title='bbox 236 4597 398 4649; x_wconf 76' lang='lat' dir='ltr'><strong>Grammatico</strong></span> <span class='ocrx_word' id='word_1_404' title='bbox 409 4598 429 4648; x_wconf 85' lang='grc' dir='ltr'><strong>εἰ</strong></span> <span class='ocrx_word' id='word_1_405' title='bbox 443 4598 474 4648; x_wconf 83' lang='grc' dir='ltr'><strong>εἰσ</strong></span> <span class='ocrx_word' id='word_1_406' title='bbox 488 4598 513 4648; x_wconf 93' lang='lat' dir='ltr'><strong>in</strong></span> <span class='ocrx_word' id='word_1_407' title='bbox 524 4597 612 4665; x_wconf 81' lang='lat' dir='ltr'><strong>plebe,</strong></span> <span class='ocrx_word' id='word_1_408' title='bbox 624 4585 761 4649; x_wconf 71' lang='lat' dir='ltr'><strong>Platonicus</strong></span> <span class='ocrx_word' id='word_1_409' title='bbox 772 4599 838 4649; x_wconf 76' lang='lat' dir='ltr'><strong>audis</strong></span> <span class='ocrx_word' id='word_1_410' title='bbox 853 4617 860 4649; x_wconf 78' lang='grc' dir='ltr'>ι</span> 
     </span>
     <span class='ocr_line' id='line_1_71' title="bbox 269 4682 807 4748; baseline 0.002 -14"><span class='ocrx_word' id='word_1_411' title='bbox 269 4683 392 4734; x_wconf 80' lang='lat' dir='ltr'><strong>Socratico</strong></span> <span class='ocrx_word' id='word_1_412' title='bbox 407 4682 427 4732; x_wconf 83' lang='lat' dir='ltr'><strong>ai</strong></span> <span class='ocrx_word' id='word_1_413' title='bbox 439 4683 509 4732; x_wconf 77' lang='lat' dir='ltr'><strong>eisin</strong></span> <span class='ocrx_word' id='word_1_414' title='bbox 523 4699 607 4748; x_wconf 76' lang='lat' dir='ltr'><strong>grege,</strong></span> <span class='ocrx_word' id='word_1_415' title='bbox 622 4683 807 4736; x_wconf 71' lang='lat' dir='ltr'><strong>Grammaticus.</strong></span> 
     </span>
     <span class='ocr_line' id='line_1_72' title="bbox 238 4765 891 4833; baseline -0.009 -11"><span class='ocrx_word' id='word_1_416' title='bbox 238 4771 300 4822; x_wconf 81' lang='lat' dir='ltr'><strong>Hinc</strong></span> <span class='ocrx_word' id='word_1_417' title='bbox 313 4768 386 4828; x_wconf 84' lang='lat' dir='ltr'><strong>iiiuc,</strong></span> <span class='ocrx_word' id='word_1_418' title='bbox 401 4766 449 4816; x_wconf 88' lang='lat' dir='ltr'><strong>huc</strong></span> <span class='ocrx_word' id='word_1_419' title='bbox 463 4765 519 4817; x_wconf 87' lang='lat' dir='ltr'><strong>inde</strong></span> <span class='ocrx_word' id='word_1_420' title='bbox 535 4765 605 4832; x_wconf 75' lang='lat' dir='ltr'><strong>iugis.</strong></span> <span class='ocrx_word' id='word_1_421' title='bbox 621 4768 668 4818; x_wconf 88' lang='lat' dir='ltr'><strong>Sed</strong></span> <span class='ocrx_word' id='word_1_422' title='bbox 682 4777 737 4817; x_wconf 88' lang='lat' dir='ltr'><strong>tene</strong></span> <span class='ocrx_word' id='word_1_423' title='bbox 751 4767 891 4833; x_wconf 73' lang='lat' dir='ltr'><strong>magistrum</strong></span> 
     </span>
     <span class='ocr_line' id='line_1_73' title="bbox 270 4849 875 4917; baseline -0.003 -15"><span class='ocrx_word' id='word_1_424' title='bbox 270 4849 431 4902; x_wconf 74' lang='lat' dir='ltr'><strong>Grammatico</strong></span> <span class='ocrx_word' id='word_1_425' title='bbox 443 4859 567 4915; x_wconf 74' lang='lat' dir='ltr'><strong>agnoscat,</strong></span> <span class='ocrx_word' id='word_1_426' title='bbox 583 4850 620 4899; x_wconf 83' lang='lat' dir='ltr'><strong>rel</strong></span> <span class='ocrx_word' id='word_1_427' title='bbox 634 4850 703 4900; x_wconf 87' lang='lat' dir='ltr'><strong>Piato</strong></span> <span class='ocrx_word' id='word_1_428' title='bbox 713 4851 875 4917; x_wconf 68' lang='lat' dir='ltr'><strong>diminutum?</strong></span> 
     </span>
     <span class='ocr_line' id='line_1_74' title="bbox 539 4935 732 4983; baseline 0.01 -2"><span class='ocrx_word' id='word_1_429' title='bbox 539 4935 594 4982; x_wconf 81' lang='lat'><strong>306.</strong></span> <span class='ocrx_word' id='word_1_430' title='bbox 613 4951 732 4983; x_wconf 80' lang='grc' dir='ltr'>εευευιει.</span> 
     </span>
     <span class='ocr_line' id='line_1_75' title="bbox 238 5012 761 5080; baseline -0.01 -11"><span class='ocrx_word' id='word_1_431' title='bbox 238 5018 329 5069; x_wconf 83' lang='lat' dir='ltr'><strong>Peltreis</strong></span> <span class='ocrx_word' id='word_1_432' title='bbox 340 5025 418 5065; x_wconf 77' lang='lat' dir='ltr'><strong>muter</strong></span> <span class='ocrx_word' id='word_1_433' title='bbox 431 5012 450 5065; x_wconf 81' lang='lat' dir='ltr'><strong>si</strong></span> <span class='ocrx_word' id='word_1_434' title='bbox 463 5014 581 5065; x_wconf 81' lang='lat' dir='ltr'><strong>moenibru</strong></span> <span class='ocrx_word' id='word_1_435' title='bbox 591 5015 761 5080; x_wconf 84' lang='lat' dir='ltr'><strong>Antiochiam,</strong></span> 
     </span>
     <span class='ocr_line' id='line_1_76' title="bbox 271 5099 783 5167; baseline -0.006 -16"><span class='ocrx_word' id='word_1_436' title='bbox 271 5105 291 5151; x_wconf 86' lang='lat' dir='ltr'>E</span> <span class='ocrx_word' id='word_1_437' title='bbox 305 5100 421 5167; x_wconf 80' lang='lat' dir='ltr'><strong>Syriaque</strong></span> <span class='ocrx_word' id='word_1_438' title='bbox 435 5099 520 5166; x_wconf 71' lang='lat' dir='ltr'><strong>migres</strong></span> <span class='ocrx_word' id='word_1_439' title='bbox 533 5117 615 5150; x_wconf 81' lang='lat' dir='ltr'><strong>ruraur</strong></span> <span class='ocrx_word' id='word_1_440' title='bbox 628 5099 654 5150; x_wconf 90' lang='lat' dir='ltr'><strong>in</strong></span> <span class='ocrx_word' id='word_1_441' title='bbox 670 5099 783 5161; x_wconf 84' lang='lat' dir='ltr'><strong>Italiam,</strong></span> 
     </span>
     <span class='ocr_line' id='line_1_77' title="bbox 244 5181 902 5249; baseline -0.005 -15"><span class='ocrx_word' id='word_1_442' title='bbox 244 5187 273 5234; x_wconf 81' lang='lat' dir='ltr'><strong>i&#39;e</strong></span> <span class='ocrx_word' id='word_1_443' title='bbox 286 5197 414 5249; x_wconf 58' lang='lat' dir='ltr'><strong>[nurerum</strong></span> <span class='ocrx_word' id='word_1_444' title='bbox 427 5196 499 5232; x_wconf 87' lang='lat' dir='ltr'><strong>nemo</strong></span> <span class='ocrx_word' id='word_1_445' title='bbox 512 5183 584 5232; x_wconf 89' lang='lat' dir='ltr'><strong>ducet</strong></span> <span class='ocrx_word' id='word_1_446' title='bbox 598 5181 652 5231; x_wconf 81' lang='lat' dir='ltr'><strong>sibi.</strong></span> <span class='ocrx_word' id='word_1_447' title='bbox 666 5185 746 5245; x_wconf 86' lang='lat' dir='ltr'><strong>Quam</strong></span> <span class='ocrx_word' id='word_1_448' title='bbox 758 5181 803 5231; x_wconf 87' lang='lat' dir='ltr'><strong>tibi</strong></span> <span class='ocrx_word' id='word_1_449' title='bbox 818 5196 902 5231; x_wconf 77' lang='lat' dir='ltr'><strong>ranam</strong></span> 
     </span>
     <span class='ocr_line' id='line_1_78' title="bbox 271 5265 849 5334; baseline -0.002 -17"><span class='ocrx_word' id='word_1_450' title='bbox 271 5271 343 5334; x_wconf 82' lang='lat' dir='ltr'><strong>Spem</strong></span> <span class='ocrx_word' id='word_1_451' title='bbox 355 5265 445 5332; x_wconf 74' lang='lat' dir='ltr'><strong>fingens</strong></span> <span class='ocrx_word' id='word_1_452' title='bbox 458 5265 539 5317; x_wconf 88' lang='lat' dir='ltr'><strong>animo</strong></span> <span class='ocrx_word' id='word_1_453' title='bbox 546 5303 555 5328; x_wconf 90' lang='lat'>‚</span> <span class='ocrx_word' id='word_1_454' title='bbox 568 5283 612 5334; x_wconf 85' lang='lat' dir='ltr'><strong>per</strong></span> <span class='ocrx_word' id='word_1_455' title='bbox 624 5267 675 5318; x_wconf 84' lang='lat' dir='ltr'><strong>ioca</strong></span> <span class='ocrx_word' id='word_1_456' title='bbox 687 5275 772 5318; x_wconf 83' lang='lat' dir='ltr'><strong>cuneta</strong></span> <span class='ocrx_word' id='word_1_457' title='bbox 785 5265 849 5316; x_wconf 70' lang='lat' dir='ltr'><strong>satir.</strong></span> 
     </span>
    </p>
   </div>
   <div class='ocr_carea' id='block_1_57' title="bbox 1043 3849 1545 3920">
    <p class='ocr_par' dir='ltr' id='par_1_57' title="bbox 1043 3849 1545 3920">
     <span class='ocr_line' id='line_1_79' title="bbox 1043 3849 1545 3920; baseline 0.004 -20"><span class='ocrx_word' id='word_1_458' title='bbox 1043 3913 1046 3920; x_wconf 32' lang='grc' dir='ltr'>Ι</span> <span class='ocrx_word' id='word_1_459' title='bbox 1100 3849 1187 3901; x_wconf 88' lang='lat' dir='ltr'><strong>eadem</strong></span> <span class='ocrx_word' id='word_1_460' title='bbox 1201 3851 1313 3916; x_wconf 79' lang='lat' dir='ltr'><strong>impensa</strong></span> <span class='ocrx_word' id='word_1_461' title='bbox 1325 3852 1423 3903; x_wconf 79' lang='lat' dir='ltr'><strong>ruitum</strong></span> <span class='ocrx_word' id='word_1_462' title='bbox 1434 3851 1545 3902; x_wconf 81' lang='grc' dir='ltr'>σιαίεεοε,</span> 
     </span>
    </p>
   </div>
   <div class='ocr_carea' id='block_1_58' title="bbox 251 3959 1054 3974">
    <p class='ocr_par' dir='ltr' id='par_1_58' title="bbox 251 3959 1054 3974">
     <span class='ocr_line' id='line_1_80' title="bbox 251 3959 1054 3974; baseline 0.011 -8"><span class='ocrx_word' id='word_1_463' title='bbox 251 3960 304 3970; x_wconf 64' lang='lat' dir='ltr'><strong>...a</strong></span> <span class='ocrx_word' id='word_1_464' title='bbox 313 3959 421 3968; x_wconf 58' lang='grc' dir='ltr'><strong>ι--ηκ</strong></span> <span class='ocrx_word' id='word_1_465' title='bbox 765 3961 1054 3974; x_wconf 52' lang='grc' dir='ltr'><strong>*α*</strong></span> 
     </span>
    </p>
   </div>
   <div class='ocr_carea' id='block_1_59' title="bbox 1362 4017 1559 4076">
    <p class='ocr_par' dir='ltr' id='par_1_59' title="bbox 1362 4017 1559 4076">
     <span class='ocr_line' id='line_1_81' title="bbox 1362 4017 1559 4076; baseline 0.005 -13"><span class='ocrx_word' id='word_1_466' title='bbox 1362 4017 1421 4076; x_wconf 78' lang='lat'><strong>³⁰7·</strong></span> <span class='ocrx_word' id='word_1_467' title='bbox 1440 4031 1559 4064; x_wconf 77' lang='grc' dir='ltr'>εευευειι.</span> 
     </span>
    </p>
   </div>
   <div class='ocr_carea' id='block_1_60' title="bbox 1068 4094 1743 4156">
    <p class='ocr_par' dir='ltr' id='par_1_60' title="bbox 1068 4094 1743 4156">
     <span class='ocr_line' id='line_1_82' title="bbox 1068 4094 1743 4156; baseline -0.006 -10"><span class='ocrx_word' id='word_1_468' title='bbox 1068 4094 1113 4146; x_wconf 87' lang='lat' dir='ltr'><strong>Dic</strong></span> <span class='ocrx_word' id='word_1_469' title='bbox 1127 4094 1188 4145; x_wconf 87' lang='lat' dir='ltr'><strong>mihi</strong></span> <span class='ocrx_word' id='word_1_470' title='bbox 1202 4095 1300 4146; x_wconf 80' lang='lat' dir='ltr'><strong>comsit</strong></span> <span class='ocrx_word' id='word_1_471' title='bbox 1314 4101 1391 4146; x_wconf 88' lang='lat' dir='ltr'><strong>Amor</strong></span> <span class='ocrx_word' id='word_1_472' title='bbox 1403 4094 1448 4146; x_wconf 88' lang='lat' dir='ltr'><strong>tibi</strong></span> <span class='ocrx_word' id='word_1_473' title='bbox 1460 4095 1538 4156; x_wconf 74' lang='lat' dir='ltr'><strong>titius,</strong></span> <span class='ocrx_word' id='word_1_474' title='bbox 1552 4105 1578 4145; x_wconf 89' lang='lat' dir='ltr'><strong>et</strong></span> <span class='ocrx_word' id='word_1_475' title='bbox 1590 4100 1669 4144; x_wconf 79' lang='lat' dir='ltr'><strong>Venus</strong></span> <span class='ocrx_word' id='word_1_476' title='bbox 1682 4105 1743 4153; x_wconf 73' lang='lat' dir='ltr'><strong>uuor,</strong></span> 
     </span>
    </p>
   </div>
   <div class='ocr_carea' id='block_1_61' title="bbox 1101 4178 1684 4312">
    <p class='ocr_par' dir='ltr' id='par_1_61' title="bbox 1101 4178 1684 4312">
     <span class='ocr_line' id='line_1_83' title="bbox 1101 4178 1684 4244; baseline -0.002 -16"><span class='ocrx_word' id='word_1_477' title='bbox 1101 4180 1162 4243; x_wconf 76' lang='lat' dir='ltr'><strong>Quia</strong></span> <span class='ocrx_word' id='word_1_478' title='bbox 1175 4179 1263 4230; x_wconf 87' lang='lat' dir='ltr'><strong>merito</strong></span> <span class='ocrx_word' id='word_1_479' title='bbox 1276 4179 1387 4230; x_wconf 86' lang='lat' dir='ltr'><strong>eiaudum</strong></span> <span class='ocrx_word' id='word_1_480' title='bbox 1402 4189 1425 4229; x_wconf 90' lang='lat' dir='ltr'><strong>te</strong></span> <span class='ocrx_word' id='word_1_481' title='bbox 1439 4188 1510 4244; x_wconf 78' lang='lat' dir='ltr'><strong>neget</strong></span> <span class='ocrx_word' id='word_1_482' title='bbox 1523 4194 1587 4241; x_wconf 74' lang='lat' dir='ltr'><strong>ease,</strong></span> <span class='ocrx_word' id='word_1_483' title='bbox 1599 4178 1684 4228; x_wconf 81' lang='lat' dir='ltr'><strong>inber?</strong></span> 
     </span>
     <span class='ocr_line' id='line_1_84' title="bbox 1368 4264 1566 4312; baseline 0 0"><span class='ocrx_word' id='word_1_484' title='bbox 1368 4264 1426 4312; x_wconf 80' lang='lat'><strong>308.</strong></span> <span class='ocrx_word' id='word_1_485' title='bbox 1446 4279 1566 4312; x_wconf 83' lang='lat' dir='ltr'><strong>uueruun.</strong></span> 
     </span>
    </p>
   </div>
   <div class='ocr_carea' id='block_1_62' title="bbox 1067 4341 1763 4415">
    <p class='ocr_par' dir='ltr' id='par_1_62' title="bbox 1067 4341 1763 4415">
     <span class='ocr_line' id='line_1_85' title="bbox 1067 4341 1763 4415; baseline -0.017 -16"><span class='ocrx_word' id='word_1_486' title='bbox 1067 4351 1126 4399; x_wconf 85' lang='lat' dir='ltr'><strong>Tam</strong></span> <span class='ocrx_word' id='word_1_487' title='bbox 1141 4363 1222 4398; x_wconf 82' lang='lat' dir='ltr'><strong>maoer</strong></span> <span class='ocrx_word' id='word_1_488' title='bbox 1236 4356 1274 4398; x_wconf 78' lang='lat' dir='ltr'><strong>ert</strong></span> <span class='ocrx_word' id='word_1_489' title='bbox 1285 4346 1453 4415; x_wconf 75' lang='lat' dir='ltr'><strong>Diophantus,</strong></span> <span class='ocrx_word' id='word_1_490' title='bbox 1469 4363 1526 4397; x_wconf 82' lang='grc' dir='ltr'>εουε</span> <span class='ocrx_word' id='word_1_491' title='bbox 1537 4362 1599 4403; x_wconf 87' lang='lat' dir='ltr'><strong>non,</strong></span> <span class='ocrx_word' id='word_1_492' title='bbox 1616 4342 1722 4410; x_wconf 83' lang='lat' dir='ltr'><strong>nuperab</strong></span> <span class='ocrx_word' id='word_1_493' title='bbox 1731 4341 1763 4389; x_wconf 87' lang='grc' dir='ltr'><strong>ἰΙΙο</strong></span> 
     </span>
    </p>
   </div>
   <div class='ocr_carea' id='block_1_63' title="bbox 1101 4429 1670 4577">
    <p class='ocr_par' dir='ltr' id='par_1_63' title="bbox 1101 4429 1670 4577">
     <span class='ocr_line' id='line_1_86' title="bbox 1101 4429 1670 4497; baseline -0.005 -15"><span class='ocrx_word' id='word_1_494' title='bbox 1101 4435 1192 4494; x_wconf 83' lang='lat' dir='ltr'><strong>Tacta,</strong></span> <span class='ocrx_word' id='word_1_495' title='bbox 1206 4431 1291 4497; x_wconf 81' lang='lat' dir='ltr'><strong>pedem</strong></span> <span class='ocrx_word' id='word_1_496' title='bbox 1298 4466 1307 4490; x_wconf 88' lang='lat'>‚</span> <span class='ocrx_word' id='word_1_497' title='bbox 1321 4431 1362 4480; x_wconf 78' lang='lat' dir='ltr'><strong>aad</strong></span> <span class='ocrx_word' id='word_1_498' title='bbox 1374 4447 1416 4496; x_wconf 78' lang='lat' dir='ltr'><strong>per</strong></span> <span class='ocrx_word' id='word_1_499' title='bbox 1430 4430 1480 4496; x_wconf 79' lang='lat' dir='ltr'><strong>ipae</strong></span> <span class='ocrx_word' id='word_1_500' title='bbox 1493 4429 1581 4480; x_wconf 77' lang='lat' dir='ltr'><strong>foravit</strong></span> <span class='ocrx_word' id='word_1_501' title='bbox 1594 4444 1670 4479; x_wconf 84' lang='lat' dir='ltr'><strong>acum.</strong></span> 
     </span>
     <span class='ocr_line' id='line_1_87' title="bbox 1354 4516 1550 4577; baseline -0.005 -13"><span class='ocrx_word' id='word_1_502' title='bbox 1354 4516 1411 4577; x_wconf 77' lang='lat'><strong>3⁰9·</strong></span> <span class='ocrx_word' id='word_1_503' title='bbox 1431 4529 1550 4564; x_wconf 78' lang='grc' dir='ltr'>υυεοιι.</span> 
     </span>
    </p>
   </div>
   <div class='ocr_carea' id='block_1_64' title="bbox 1067 4588 1759 4662">
    <p class='ocr_par' dir='ltr' id='par_1_64' title="bbox 1067 4588 1759 4662">
     <span class='ocr_line' id='line_1_88' title="bbox 1067 4588 1759 4662; baseline -0.016 -16"><span class='ocrx_word' id='word_1_504' title='bbox 1067 4594 1341 4662; x_wconf 62' lang='lat' dir='ltr'><strong>Tharsynrachehoatiii</strong></span> <span class='ocrx_word' id='word_1_505' title='bbox 1354 4595 1441 4659; x_wconf 81' lang='lat' dir='ltr'><strong>(doleo</strong></span> <span class='ocrx_word' id='word_1_506' title='bbox 1455 4594 1569 4661; x_wconf 84' lang='lat' dir='ltr'><strong>quoque)</strong></span> <span class='ocrx_word' id='word_1_507' title='bbox 1583 4593 1663 4642; x_wconf 78' lang='lat' dir='ltr'><strong>fraude</strong></span> <span class='ocrx_word' id='word_1_508' title='bbox 1673 4588 1759 4657; x_wconf 72' lang='lat' dir='ltr'><strong>petitur.</strong></span> 
     </span>
    </p>
   </div>
   <div class='ocr_carea' id='block_1_65' title="bbox 1102 4675 1620 4744">
    <p class='ocr_par' dir='ltr' id='par_1_65' title="bbox 1102 4675 1620 4744">
     <span class='ocr_line' id='line_1_89' title="bbox 1102 4675 1620 4744; baseline -0.008 -16"><span class='ocrx_word' id='word_1_509' title='bbox 1102 4680 1149 4744; x_wconf 88' lang='lat' dir='ltr'><strong>Qui</strong></span> <span class='ocrx_word' id='word_1_510' title='bbox 1162 4678 1241 4730; x_wconf 80' lang='lat' dir='ltr'><strong>fueras</strong></span> <span class='ocrx_word' id='word_1_511' title='bbox 1253 4678 1332 4736; x_wconf 80' lang='lat' dir='ltr'><strong>diver,</strong></span> <span class='ocrx_word' id='word_1_512' title='bbox 1346 4675 1422 4726; x_wconf 81' lang='lat' dir='ltr'><strong>iactus</strong></span> <span class='ocrx_word' id='word_1_513' title='bbox 1433 4693 1459 4728; x_wconf 81' lang='grc' dir='ltr'><strong>οε</strong></span> <span class='ocrx_word' id='word_1_514' title='bbox 1472 4692 1528 4726; x_wconf 87' lang='lat' dir='ltr'><strong>eeee</strong></span> <span class='ocrx_word' id='word_1_515' title='bbox 1540 4675 1620 4736; x_wconf 80' lang='lat' dir='ltr'><strong>nituit,</strong></span> 
     </span>
    </p>
   </div>
   <div class='ocr_carea' id='block_1_66' title="bbox 1068 4754 1706 4828">
    <p class='ocr_par' dir='ltr' id='par_1_66' title="bbox 1068 4754 1706 4828">
     <span class='ocr_line' id='line_1_90' title="bbox 1068 4754 1706 4828; baseline -0.009 -17"><span class='ocrx_word' id='word_1_516' title='bbox 1068 4765 1131 4811; x_wconf 88' lang='lat' dir='ltr'><strong>Dum</strong></span> <span class='ocrx_word' id='word_1_517' title='bbox 1146 4761 1237 4828; x_wconf 77' lang='lat' dir='ltr'><strong>parcis,</strong></span> <span class='ocrx_word' id='word_1_518' title='bbox 1251 4776 1376 4820; x_wconf 86' lang='lat' dir='ltr'><strong>numeras,</strong></span> <span class='ocrx_word' id='word_1_519' title='bbox 1390 4759 1415 4808; x_wconf 86' lang='lat' dir='ltr'><strong>iu</strong></span> <span class='ocrx_word' id='word_1_520' title='bbox 1428 4758 1520 4809; x_wconf 83' lang='lat' dir='ltr'><strong>ioenore</strong></span> <span class='ocrx_word' id='word_1_521' title='bbox 1531 4758 1622 4809; x_wconf 80' lang='lat' dir='ltr'><strong>ioenora</strong></span> <span class='ocrx_word' id='word_1_522' title='bbox 1634 4754 1706 4824; x_wconf 78' lang='lat' dir='ltr'><strong>ponis.</strong></span> 
     </span>
    </p>
   </div>
   <div class='ocr_carea' id='block_1_67' title="bbox 1102 4844 1610 4911">
    <p class='ocr_par' dir='ltr' id='par_1_67' title="bbox 1102 4844 1610 4911">
     <span class='ocr_line' id='line_1_91' title="bbox 1102 4844 1610 4911; baseline -0.008 -15"><span class='ocrx_word' id='word_1_523' title='bbox 1102 4845 1228 4896; x_wconf 80' lang='lat' dir='ltr'><strong>ooduoem</strong></span> <span class='ocrx_word' id='word_1_524' title='bbox 1242 4845 1321 4894; x_wconf 85' lang='lat' dir='ltr'><strong>ventri</strong></span> <span class='ocrx_word' id='word_1_525' title='bbox 1335 4844 1437 4911; x_wconf 78' lang='lat' dir='ltr'><strong>pabula,</strong></span> <span class='ocrx_word' id='word_1_526' title='bbox 1453 4853 1523 4909; x_wconf 84' lang='lat' dir='ltr'><strong>potor</strong></span> <span class='ocrx_word' id='word_1_527' title='bbox 1535 4859 1610 4908; x_wconf 70' lang='lat' dir='ltr'><strong>aquo.</strong></span> 
     </span>
    </p>
   </div>
   <div class='ocr_carea' id='block_1_68' title="bbox 1068 4921 1746 4996">
    <p class='ocr_par' dir='ltr' id='par_1_68' title="bbox 1068 4921 1746 4996">
     <span class='ocr_line' id='line_1_92' title="bbox 1068 4921 1746 4996; baseline -0.021 -15"><span class='ocrx_word' id='word_1_528' title='bbox 1068 4929 1114 4982; x_wconf 86' lang='lat' dir='ltr'><strong>sed</strong></span> <span class='ocrx_word' id='word_1_529' title='bbox 1126 4929 1146 4979; x_wconf 80' lang='lat' dir='ltr'><strong>ri</strong></span> <span class='ocrx_word' id='word_1_530' title='bbox 1160 4929 1240 4996; x_wconf 83' lang='grc' dir='ltr'>ροοίε,</span> <span class='ocrx_word' id='word_1_531' title='bbox 1253 4928 1317 4979; x_wconf 73' lang='lat' dir='ltr'><strong>bibio</strong></span> <span class='ocrx_word' id='word_1_532' title='bbox 1328 4943 1381 4995; x_wconf 80' lang='lat' dir='ltr'><strong>quae</strong></span> <span class='ocrx_word' id='word_1_533' title='bbox 1394 4944 1473 4988; x_wconf 84' lang='lat' dir='ltr'><strong>nune,</strong></span> <span class='ocrx_word' id='word_1_534' title='bbox 1488 4943 1589 4992; x_wconf 72' lang='grc' dir='ltr'>ιμιιηυε</span> <span class='ocrx_word' id='word_1_535' title='bbox 1600 4934 1654 4976; x_wconf 82' lang='lat' dir='ltr'><strong>ante</strong></span> <span class='ocrx_word' id='word_1_536' title='bbox 1664 4921 1746 4980; x_wconf 73' lang='lat' dir='ltr'><strong>bibisti,</strong></span> 
     </span>
    </p>
   </div>
   <div class='ocr_carea' id='block_1_69' title="bbox 1102 5011 1564 5149">
    <p class='ocr_par' dir='ltr' id='par_1_69' title="bbox 1102 5011 1564 5149">
     <span class='ocr_line' id='line_1_93' title="bbox 1102 5011 1564 5078; baseline -0.002 -14"><span class='ocrx_word' id='word_1_537' title='bbox 1102 5013 1216 5076; x_wconf 75' lang='lat' dir='ltr'><strong>Conferr,</strong></span> <span class='ocrx_word' id='word_1_538' title='bbox 1230 5012 1338 5062; x_wconf 72' lang='lat' dir='ltr'><strong>inv-ies</strong></span> <span class='ocrx_word' id='word_1_539' title='bbox 1350 5012 1384 5062; x_wconf 90' lang='lat' dir='ltr'><strong>nii</strong></span> <span class='ocrx_word' id='word_1_540' title='bbox 1398 5013 1495 5078; x_wconf 73' lang='lat' dir='ltr'><strong>periisse</strong></span> <span class='ocrx_word' id='word_1_541' title='bbox 1509 5011 1564 5063; x_wconf 88' lang='lat' dir='ltr'><strong>tibi.</strong></span> 
     </span>
     <span class='ocr_line' id='line_1_94' title="bbox 1276 5099 1564 5149; baseline -0.007 -3"><span class='ocrx_word' id='word_1_542' title='bbox 1276 5121 1280 5128; x_wconf 91' lang='grc'><em>·</em></span> <span class='ocrx_word' id='word_1_543' title='bbox 1372 5099 1428 5146; x_wconf 87' lang='grc' dir='ltr'>3ιο.</span> <span class='ocrx_word' id='word_1_544' title='bbox 1447 5111 1564 5149; x_wconf 67' lang='lat' dir='ltr'><strong>murum.</strong></span> 
     </span>
    </p>
   </div>
   <div class='ocr_carea' id='block_1_70' title="bbox 1069 5169 1780 5246">
    <p class='ocr_par' dir='ltr' id='par_1_70' title="bbox 1069 5169 1780 5246">
     <span class='ocr_line' id='line_1_95' title="bbox 1069 5169 1780 5246; baseline -0.013 -13"><span class='ocrx_word' id='word_1_545' title='bbox 1069 5184 1119 5233; x_wconf 83' lang='lat' dir='ltr'><strong>Cur</strong></span> <span class='ocrx_word' id='word_1_546' title='bbox 1132 5181 1179 5232; x_wconf 84' lang='lat' dir='ltr'><strong>net</strong></span> <span class='ocrx_word' id='word_1_547' title='bbox 1191 5182 1264 5243; x_wconf 78' lang='lat' dir='ltr'><strong>emir,</strong></span> <span class='ocrx_word' id='word_1_548' title='bbox 1275 5181 1373 5246; x_wconf 80' lang='lat' dir='ltr'><strong>denter,</strong></span> <span class='ocrx_word' id='word_1_549' title='bbox 1388 5181 1481 5239; x_wconf 78' lang='lat' dir='ltr'><strong>suoram,</strong></span> <span class='ocrx_word' id='word_1_550' title='bbox 1495 5195 1634 5244; x_wconf 75' lang='lat' dir='ltr'><strong>reumque,</strong></span> <span class='ocrx_word' id='word_1_551' title='bbox 1647 5169 1780 5240; x_wconf 76' lang='lat' dir='ltr'><strong>romuuqttt?</strong></span> 
     </span>
    </p>
   </div>
   <div class='ocr_carea' id='block_1_71' title="bbox 1104 5264 1609 5334">
    <p class='ocr_par' dir='ltr' id='par_1_71' title="bbox 1104 5264 1609 5334">
     <span class='ocr_line' id='line_1_96' title="bbox 1104 5264 1609 5334; baseline 0.004 -18"><span class='ocrx_word' id='word_1_552' title='bbox 1104 5267 1164 5316; x_wconf 82' lang='lat' dir='ltr'><strong>Cum</strong></span> <span class='ocrx_word' id='word_1_553' title='bbox 1178 5283 1279 5334; x_wconf 77' lang='lat' dir='ltr'><strong>perrona</strong></span> <span class='ocrx_word' id='word_1_554' title='bbox 1291 5275 1364 5332; x_wconf 81' lang='lat' dir='ltr'><strong>queat</strong></span> <span class='ocrx_word' id='word_1_555' title='bbox 1377 5275 1427 5318; x_wconf 80' lang='lat' dir='ltr'><strong>tota</strong></span> <span class='ocrx_word' id='word_1_556' title='bbox 1441 5265 1541 5316; x_wconf 75' lang='lat' dir='ltr'><strong>minoris</strong></span> <span class='ocrx_word' id='word_1_557' title='bbox 1552 5264 1609 5317; x_wconf 89' lang='lat' dir='ltr'><strong>emi.</strong></span> 
     </span>
    </p>
   </div>
   <div class='ocr_carea' id='block_1_72' title="bbox 0 0 1885 5920">
    <p class='ocr_par' dir='ltr' id='par_1_72' title="bbox 0 0 1885 5920">
     <span class='ocr_line' id='line_1_97' title="bbox 0 0 1885 5920; baseline 0 0"><span class='ocrx_word' id='word_1_558' title='bbox 0 0 1885 5920; x_wconf 95' lang='lat' dir='ltr'><strong> </strong></span> 
     </span>
    </p>
   </div>
  </div>
 </body>
</html>
