3734 5920
224 419 286 479 350
788 408 1045 470 ANTHOLOGlAE
1068 407 1271 468 l’ALthNAE

222 546 388 630 Ἀμφοτίρων
405 547 437 605 rit
449 546 519 617 πάθη
533 545 640 610 θάνατος
654 543 698 602 καί
714 546 793 622 μοῖρα
806 543 941 602 τέτυκται.

261 636 319 707 Τὴν
331 626 375 694 σύν
384 633 573 712 γραμματικὴν
588 637 633 689 νῦν
647 632 722 708 μόλις
734 631 865 710 ἐξέγυγον·

6 771 8 778 .
104 782 106 791 A
182 730 250 783 ⁵02}
266 722 412 800 dirupisti*
432 723 529 802 ἀλόχου
540 726 588 793 τῆς
603 721 777 800 ἀνδρομοίχης
787 723 945 801 ἀναχωρεῖν·

261 813 342 895 εἴργει
352 812 403 890 γάρ
417 813 518 890 χάρτης
532 811 577 868 καί
592 810 668 886 νόμος
681 810 818 876 Αὐσόνιος.

336 953 403 1006 3ῐ9.
428 944 599 1005 dinewr
621 942 904 1003 ΣΧΟΛΑΣΤΙΚΟΥ.

220 1089 260 1148 Οὔ
275 1112 313 1154 τις
327 1089 485 1162 ἀλοιητῆρας
497 1085 560 1142 ἰδεῖν
576 1084 700 1155 τέτληκεν
716 1083 823 1149 ὀδόντας

149 1237 152 1244 ,
260 1175 414 1253 ὑμετέρους,
427 1173 471 1230 ’ίνα
485 1181 540 1240 σοῖς
555 1175 582 1231 έν
595 1173 718 1251 μεγάροις
732 1172 845 1251 πελάσῃ·

222 1265 244 1322 εί
255 1262 308 1342 γάρ
322 1263 362 1321 ἀεὶ
379 1261 543 1342 βούόρωατιν
558 1260 626 1339 ἔχεις
642 1259 827 1340 Ἐρυσίχθονος
841 1262 939 1340 αὐτοῦ,

260 1350 304 1409 ναί
319 1351 390 1431 τάχα
407 1349 549 1428 δαρδάψεις
561 1349 606 1408 καί
619 1348 692 1429 φίλον
705 1347 733 1407 ὃν
748 1349 861 1417 καλέεις.

179 1453 193 1491 ⁵
221 1438 290 1498 'nti’
302 1440 331 1498 ού
343 1445 398 1497 σεῖο
413 1437 533 1515 μέλαθρά
548 1459 582 1514 με
592 1434 703 1504 δέξεται·
716 1437 746 1495 ού
760 1439 811 1514 γάρ
824 1437 905 1515 ἔγωγε

262 1525 382 1604 βήσομαι
398 1524 512 1605 ὑμετέρῃ
525 1523 622 1604 γαστρί
634 1523 819 1604 φυλαξάμενος.

220 1616 255 1674 El
270 1613 299 1673 δέ
312 1617 371 1673 ποτ’
387 1615 412 1680 ἐς
427 1613 485 1672 τεὸν
500 1604 571 1674 οἶκον
585 1613 742 1690 ἐλεύσομαι,
758 1614 787 1671 ού
804 1613 863 1689 μέγ’
879 1613 991 1671 ἄνυσσεν

261 1701 411 1781 Λαρτιάδης
425 1701 547 1772 Σκύλλης
559 1700 696 1782 χάσμασιν
712 1699 845 1766 άντιαίσας·

222 1789 281 1848 ἄλλ’
297 1789 391 1865 ἔσομαι
403 1787 536 1857 πολύτλας
548 1813 588 1856 τις
601 1788 654 1868 ἐγὼ
668 1788 766 1866 πλέον,
783 1789 806 1846 εἰ
820 1787 849 1848 σέ
867 1787 992 1868 περήσω,

166 1889 193 1932 ¹⁰
263 1877 409 1945 Κύκλωπος
421 1883 530 1959 κρυεροῦ
546 1877 627 1956 μηδὲν
643 1877 825 1958 ἐλαφρότερον.

374 2031 442 2081 880.
466 2021 719 2081 ΜΑΚΗΔΟΝΙΟΥ
740 2021 858 2081 ΥΠΑΤ.

220 2153 352 2233 Παρθένος
368 2155 525 2235 εὐπατέρεια
540 2157 625 2226 Δίκη,
635 2153 782 2233 πρέσόειρα
799 2155 924 2228 πολήων,

260 2245 290 2301 ού
304 2243 349 2301 τόν
366 2245 392 2301 ἐν
407 2243 512 2321 εὗσεόίῃ
522 2242 621 2324 χρυσὸν
637 2241 841 2322 ἀποστρέφεται·

219 2330 288 2392 ἀλλὰ
302 2331 428 2392 >tuleritis
445 2331 562 2391 τάλαντα
578 2330 638 2398 Διὸς
652 2331 798 2412 πάγχρυσα
809 2329 930 2403 τελέσθη,

258 2411 310 2481 οἶοι
325 2421 479 2481 ταλαντεύει
492 2421 580 2480 πάντα
595 2421 675 2496 νόμον
692 2419 788 2499 βιότου·

219 2539 231 2560 κ
246 2510 290 2568 καί
300 2509 359 2568 τότε
372 2509 403 2580 δὴ
418 2509 529 2589 χρύσεια
543 2507 632 2586 πατὴρ
645 2508 756 2568 ἐτίταινε
770 2507 886 2567 τάλαντα
901 2533 923 2577 υ,

258 2601 280 2656 εἰ
296 2595 334 2674 μὴ
348 2596 507 2676 Ὁμηρείων
524 2595 647 2666 έξελιίύου
664 2595 791 2674 χαρίτων.

470 2743 538 2794 381.
562 2733 756 2793 nannius.

220 2877 300 2934 ΙΙᾶοα
315 2872 380 2954 γυνὴ
394 2874 472 2955 χόλος
487 2872 565 2935 ἐστίν·
581 2873 638 2953 ἔχει
652 2875 676 2932 δ’
691 2869 791 2950 ἀγαθάς
803 2873 856 2932 δύω
870 2871 951 2952 ὥρας,

257 2961 304 3034 τὴν
319 2962 382 3040 μίαν
398 2965 424 3022 ἐν
440 2962 568 3043 θαλάμῳ,
582 2963 630 3033 τὴν
647 2960 710 3039 μίαν
723 2964 751 3020 έν
763 2959 875 3043 θανάτῳ.

322 3107 393 3158 382.
416 3096 586 3157 Aineion
608 3096 897 3156 ΣΧΟΑΑΣΤΙΚΟΥ.

219 3237 299 3293 licito
314 3235 362 3313 μὲν
375 3233 530 3311 Ἀλκιμένης
545 3231 730 3308 κεκακωμένος
745 3235 775 3292 ἐκ
790 3241 928 3314 πυρετοίο,

257 3322 303 3380 καί
314 3321 375 3402 περί
387 3322 532 3393 λαυκανίην
547 3319 654 3400 βραγχίι
667 3320 842 3399 λαρυγγιόων,

218 3409 373 3486 νυτσόμενός
387 3434 416 3468 τε
430 3410 460 3468 τὸ
474 3411 585 3490 πλευρὸν
602 3409 650 3467 ἅτε
663 3407 793 3488 ξιφέεσσιν
809 3410 943 3488 ἀμυχθὲν,

258 3498 304 3556 καί
318 3499 391 3573 θαμὰ
404 3497 571 3561 israelites<
585 3498 703 3573 άσθμασι
717 3497 887 3557 πνευστιόων·

175 3618 190 3655 5
218 3577 281 3658 ἦλθε
297 3584 323 3642 δὲ
340 3585 522 3662 Καλλίγνωτος
535 3589 549 3642 ό
564 3584 667 3656 Κιύίος,
683 3588 697 3643 ό
711 3583 911 3663 πλατυλίσχης,

217 3756 282 3804 ilinc
293 3755 355 3804 mala
367 3767 420 3819 quse
431 3754 521 3820 patior,
533 3769 597 3804 mors
608 3763 664 3804 sunt
676 3769 755 3816 mera,
768 3754 836 3802 tristc
847 3754 992 3819 scpnlesumr.

248 3837 411 3888 Grammatica
423 3835 520 3886 tandein
531 3853 571 3887 me
582 3847 662 3888 tamen
677 3837 786 3902 expedii;

216 3926 272 3974 Nou
285 3932 310 3972 et
323 3924 354 3972 ab
371 3920 542 3972 Andromacha
559 3921 628 3988 potui
641 3921 779 3982 discedere,
792 3937 847 3970 naus
859 3921 898 3970 lex

248 4011 301 4058 Hoc
312 4007 380 4057 1thae
390 4005 486 4072 gentis,
501 4004 633 4070 chartaque
643 4006 732 4072 scripta
746 4013 820 4057 vetat.

432 4092 490 4154 379.
508 4105 622 4138 sciram
637 4104 803 4138 εοιοτεετεοε.

214 4179 292 4227 Nemo
307 4186 360 4225 tuos
373 4175 445 4224 audet
457 4191 530 4223 suros
540 4183 649 4240 spectare
666 4174 786 4235 molares,

247 4263 278 4308 Et
292 4267 332 4308 tua
343 4267 471 4324 propterea
487 4257 570 4307 limina
582 4257 683 4324 quisque
694 4256 762 4321 fugit.

98 4389 106 4412 0
213 4345 276 4392 Nam
290 4349 373 4406 regnet
384 4357 438 4391 cum
451 4341 503 4390 dira
515 4339 589 4391 famer
602 4338 784 4408 Erysichthonis
797 4339 823 4390 in
838 4349 878 4401 te,

247 4429 308 4490 Quis
319 4426 364 4476 scit
378 4423 485 4474 convivis
498 4433 582 4492 percat
594 4441 624 4474 au
637 4424 678 4474 illu
690 4425 757 4474 tuis?

140 4539 143 4544 ·
214 4513 256 4558 lle
268 4518 333 4558 certe
345 4508 440 4573 capient
450 4523 575 4572 nunquam
586 4517 627 4557 tua
639 4516 719 4570 tecta,
732 4523 777 4556 nec
788 4508 868 4558 ulrum

249 4592 369 4655 Ingrediar
382 4599 471 4640 vastam
485 4591 629 4641 dilaceratus
641 4605 693 4655 ego.

214 4677 253 4725 Ad
265 4684 289 4724 tc
303 4676 322 4724 si
336 4675 444 4739 reniam,
456 4691 505 4742 pree
516 4691 556 4724 me
567 4674 630 4725 nihil
641 4684 702 4724 esset
716 4678 826 4741 mperes,

248 4759 296 4822 Qui
310 4758 394 4825 Scyllis
407 4767 491 4809 contra
502 4775 527 4809 se
540 4759 614 4809 trucis
626 4774 669 4809 ora
681 4761 744 4810 tulit.

213 4842 305 4894 Justius
316 4851 341 4892 et
351 4841 419 4892 dicar
431 4843 532 4904 sollers,
545 4859 642 4893 emserc
654 4843 675 4892 si
686 4852 724 4905 te,

246 4929 305 4977 Non
317 4926 393 4976 levius
405 4936 553 4990 monstrum,
566 4943 638 4993 quam
650 4926 812 4993 Polyphemus
825 4937 886 4978 erat.

421 5012 476 5058 380.
496 5028 633 5061 κεταυοιιιε
651 5027 775 5060 eorsusrs.

445 5093 491 5145 Ad
500 5111 564 5151 cunr,
579 5095 619 5160 qni
630 5093 737 5151 dixerat,

362 5181 455 5226 Arrrnm
467 5177 493 5225 ni
500 5175 563 5242 juris
574 5187 695 5246 sperneret
707 5174 770 5225 ulnrc
783 5181 846 5227 Dea.

212 5257 293 5324 Magni
307 5268 363 5309 nata
374 5258 440 5310 Joris
448 5295 456 5323 ,
465 5259 527 5325 juris
539 5264 603 5321 Dea,
620 5276 673 5326 que
684 5261 745 5326 regit
758 5260 847 5322 urbes,

1050 547 1212 610 Er-utrlsque
1221 546 1287 596 male
1302 558 1369 594 mors
1382 546 1408 594 ct
1420 543 1498 593 istum
1511 545 1674 608 parate-sunt.

1083 633 1276 686 Grammatieam
1287 647 1346 698 ergo
1359 645 1426 682 nuuc
1435 645 1501 696 agre
1513 631 1604 696 eliugi3

1050 739 1098 774 non
1105 737 1207 788 possum
1217 725 1300 775 autem
1311 722 1343 772 ab
1355 733 1431 771 uxore
1443 720 1776 786 quereum-virubctiapuit
1786 735 1816 773 se

1082 812 1187 876 impedit
1201 811 1267 861 enirn
1281 811 1405 860 chartaet
1415 809 1457 859 lex
1468 809 1585 860 Ausonia.
1715 809 1815 874 [ecdem

1214 956 1269 1003 379.
1290 952 1440 1000 nGaTfltAE
1456 952 1667 1001 scHotastht.

1051 1081 1104 1128 Non
1113 1077 1246 1140 quisquam
1256 1075 1362 1125 molares
1371 1074 1456 1125 ridere
1470 1073 1589 1125 sustinuit
1603 1075 1686 1126 desitne

1081 1168 1153 1226 tuos,
1163 1167 1192 1214 ul
1200 1167 1258 1214 tues
1270 1163 1302 1213 ad
1313 1163 1380 1213 sedes
1393 1163 1523 1214 accederet
1536 1177 1542 1206 ε

1051 1252 1144 1304 sienim
1150 1233 1466 1316 usqucimmsuemdamem
1472 1250 1549 1303 hahes
1555 1251 1734 1314 Erysichthonis
1740 1253 1811 1316 ipsius,

1082 1353 1121 1390 nse
1132 1340 1196 1390 iortc
1208 1337 1339 1389 diieniebis
1350 1339 1425 1389 etiam
1438 1337 1546 1388 amicum
1555 1351 1629 1402 quem
1643 1353 1723 1390 rocas.

1051 1431 1083 1478 itt
1097 1441 1145 1478 nnn
1157 1430 1209 1478 turs
1220 1425 1287 1476 edos
1298 1439 1339 1476 me
1350 1425 1470 1489 accipient
1482 1441 1490 1475 ι
1504 1425 1628 1477 nonenim
1639 1425 1746 1490 cquiduu

1081 1515 1140 1578 ibo,
1151 1518 1196 1566 tuo
1216 1514 1298 1566 ventri
1308 1513 1453 1566 serrandus.
1685 1515 1756 1580 [uum
1769 1518 1814 1568 iecit

1051 1605 1076 1654 si
1091 1606 1175 1654 sutem
1194 1615 1303 1666 uuquam
1319 1603 1345 1652 iu
1361 1605 1431 1652 tuum
1442 1601 1547 1652 domum
1559 1602 1685 1666 introiero,
1698 1619 1741 1654 nun
1755 1619 1812 1662 mar·

1082 1692 1223 1744 Leemiudes
1231 1691 1319 1756 Scyllis
1331 1689 1437 1742 rictibus
1448 1705 1594 1753 occurrens;

1051 1783 1096 1834 sed
1104 1795 1146 1832 em
1159 1780 1255 1846 patiens
1263 1793 1308 1844 ego
1322 1779 1370 1830 iilo
1381 1780 1470 1845 magis,
1483 1779 1542 1831 site
1553 1782 1677 1846 trmsierc,

1083 1871 1188 1935 Cyclope
1201 1883 1268 1920 saero
1282 1867 1358 1919 nihilo
1366 1868 1496 1920 leuiorem.

1229 2015 1283 2062 880.
1302 2011 1477 2062 MacruoNfl
1498 2011 1654 2060 CONSULIS.

1051 2152 1126 2217 Virgo
1136 2152 1242 2216 ingenus
1253 2151 1369 2212 lustitia,
1384 2153 1487 2216 patrona
1499 2151 1607 2212 urbium,

1081 2253 1130 2290 non
1138 2239 1165 2290 id
1177 2239 1472 2304 quodcum-ptentesii
1484 2251 1574 2290 aurum
1585 2244 1718 2300 aversatum

1050 2329 1095 2380 sed
1106 2331 1132 2379 et
1146 2329 1207 2392 ipse
1222 2327 1387 2379 leccatoris
1399 2327 1572 2378 erutriceum
1584 2328 1777 2388 mulcete-sum,

1081 2417 1173 2482 quibus
1184 2417 1304 2482 ponderat
1315 2429 1414 2467 omnem
1425 2415 1505 2480 legem
1519 2415 1580 2466 vitre
1594 2429 1601 2460 ι

1051 2527 1063 2550 «ι
1076 2509 1109 2557 ut
1118 2511 1180 2557 tunc
1189 2519 1247 2556 sane
1258 2518 1345 2556 aureas
1357 2507 1429 2568 peter
1441 2504 1571 2570 suspendit
1579 2505 1658 2556 lauces
1667 2532 1696 2570 s,

1081 2596 1103 2645 si
1118 2609 1166 2645 nen
1179 2595 1321 2645 Homericae
1335 2593 1468 2645 oblitus-es
1478 2594 1578 2660 mdes.

1326 2739 1383 2789 381.
1400 2738 1561 2787 PALLADAE.

1049 2877 1135 2927 omnis
1146 2876 1236 2928 mulier
1247 2876 1304 2927 bilis
1314 2878 1353 2927 est
1363 2897 1370 2926 :
1387 2873 1463 2926 habet
1471 2876 1555 2925 cutem
1567 2872 1641 2923 bonas
1649 2871 1704 2922 dms
1711 2872 1787 2932 lares,

1082 2979 1156 3016 unam
1165 2965 1191 3015 in
1200 2965 1322 3026 thalamo,
1336 2965 1439 3015 alteram
1448 2963 1473 3012 in
1487 2962 1593 3012 tumulo.

1220 3101 1273 3148 ³82.
1291 3097 1440 3146 AGATfflAE
1456 3095 1665 3144 scitoissnci.

1050 3238 1153 3288 lacebat
1164 3237 1300 3287 Alcimedes
1309 3237 1431 3299 egrotans
1443 3247 1472 3284 er
1480 3231 1544 3284 febri

1079 3328 1106 3377 et
1117 3339 1161 3389 per
1169 3327 1255 3389 guttur
1263 3334 1351 3372 raucus
1360 3319 1569 3380 ronches-edens,

1050 3415 1220 3477 indicatusque
1231 3412 1296 3463 latus
1304 3412 1422 3474 tanquam
1434 3409 1535 3461 ensibus
1548 3412 1675 3472 purtdtrns.¹

1081 3505 1108 3553 ct
1121 3499 1209 3553 crebro
1221 3500 1390 3552 malesunoris
1399 3498 1500 3550 ilatihus
1513 3495 1644 3560 respirans.

1050 3590 1126 3642 Venit
1141 3591 1224 3640 autem
1237 3589 1388 3653 Gallignotus
1399 3589 1476 3650 Cous,
1485 3584 1684 3650 large-garrulus.

1082 3731 1175 3802 durum
1189 3769 1239 3802 non
1252 3751 1344 3818 spernit
1358 3765 1413 3798 cum
1428 3749 1517 3814 pictate
1528 3748 1620 3796 datum.

1049 3837 1114 3901 Quid
1127 3839 1170 3886 nii
1184 3837 1280 3903 quando
1294 3835 1367 3884 etiam
1380 3833 1447 3884 loris
1460 3831 1533 3899 ipsius
1544 3847 1616 3882 aurea
1629 3830 1734 3893 libraret,

1012 3949 1018 3958 .
1082 3920 1194 3971 Arbitriis
1208 3920 1282 3971 vitem
1293 3935 1346 3984 quse
1358 3917 1419 3984 regit
1432 3933 1501 3983 equa
1511 3917 1559 3968 ruis
1571 3932 1579 3966 ε

1048 4005 1158 4074 ῘΜΡΡίίθΓ
1170 4023 1200 4053 ΕΞ
1215 4022 1276 4054 ww
1288 4003 1368 4052 lances
1380 4003 1503 4052 θΜΜίΜύ
1514 3998 1598 4050 ambas
1609 4018 1620 4048 .“

1082 4088 1208 4138 Mreonidre
1220 4103 1268 4137 uon
1278 4085 1329 4136 lraec
1347 4085 1426 4154 dulcia
1440 4094 1521 4176 mente
1538 4085 1621 4136 tenes?

1338 4283 1396 4334 381.
1414 4298 1542 4333 εειικυι.

1048 4470 1110 4516 Fons
1127 4465 1169 4516 iras
1181 4465 1269 4517 mulier
1286 4481 1294 4516 ε
1309 4465 1350 4515 sed
1363 4463 1438 4516 hahet
1449 4464 1498 4516 duc
1511 4473 1621 4532 tempore
1635 4464 1682 4513 leta
1695 4473 1702 4509 ι

1081 4553 1142 4600 Cum
1156 4549 1256 4600 venitin
1276 4547 1422 4613 thalamum,
1437 4565 1542 4615 cumque
1558 4549 1609 4598 abit
1623 4548 1645 4597 in
1661 4543 1765 4596 tumulum.
1858 4603 1860 4612 γ

1199 4737 1203 4744 ’
1255 4746 1313 4793 382.
1333 4758 1447 4791 aearum
1463 4757 1625 4790 scacuasrrer.

985 4905 988 4910 Δ
1045 4930 1073 4974 in
1088 4921 1155 4972 lehre
1168 4921 1304 4973 Alcimenes
1318 4923 1421 4973 torrenti
1434 4921 1545 4971 membru¹
1555 4920 1659 4988 jacebat,
1697 4921 1701 4932 '

1078 5011 1108 5056 Et
1121 5022 1193 5056 sonus
1206 5016 1306 5072 angusto
1318 5015 1414 5072 gutture
1426 5021 1512 5056 raucus
1522 5014 1590 5068 crat3

1044 5096 1074 5142 Et
1087 5093 1149 5142 tetus
1164 5091 1229 5141 haud
1244 5091 1316 5142 aliter
1326 5109 1398 5158 quam
1411 5091 1469 5142 lerri
1480 5091 1578 5158 cuspide
1589 5093 1705 5157 punctum.

1078 5175 1180 5240 Spiritus
1194 5183 1218 5224 et
1231 5174 1297 5224 duris
1307 5175 1393 5225 creber
1406 5173 1566 5238 anhelitihus3

1045 5259 1192 5322 Callignotus
1203 5259 1269 5308 idest
1281 5261 1358 5316 Cous.
1370 5258 1409 5308 cui
1427 5258 1522 5324 garrula
1533 5258 1626 5324 lingua,
