3878 5912
139 403 190 464 ruJ
242 461 243 464 Ἴ

127 539 203 592 rues,
216 519 328 578 Nathan
349 518 514 597 Chytraeus,
531 517 623 578 Lucas
641 518 810 591 Fraterius,
826 519 918 580 Janns

127 617 313 688 Pannonius,
334 617 351 678 J
355 637 428 676 anus
442 615 620 689 Cornarius,
635 615 801 676 Gulielmus
814 617 915 678 Caute·

126 735 194 791 rus,
214 715 360 773 Domitius
392 710 586 790 Calderinus,
625 711 796 774 Vincentius
823 713 917 794 Opso·

48 859 50 866 .
126 833 210 890 pocus
226 811 274 890 (*).

114 932 116 942 ·
166 911 213 969 hle
241 929 338 988 neque
363 909 470 969 horum
496 927 654 984 numerus,
682 928 779 987 neque
796 911 916 970 illorum

128 1009 225 1086 fulgor
244 1007 420 1080 absterruit,
447 1020 566 1086 sperata
587 1005 624 1066 ab
649 1008 743 1085 aequis
763 1008 917 1087 judicibus

127 1108 214 1164 venia
230 1125 269 1164 ex
290 1107 355 1184 ipsa
369 1105 483 1164 laboris
500 1104 531 1163 in
548 1104 674 1164 solidum
692 1126 709 1164 a
724 1107 841 1165 nemine
855 1127 916 1165 sus·

127 1204 203 1282 cepti
218 1202 402 1262 lassitudine.
420 1201 491 1259 Nam
507 1215 539 1260 ut
551 1201 693 1262 Martialis
705 1202 798 1263 verba
813 1204 917 1264 leviter

128 1301 280 1360 immutata
291 1299 474 1358 excusationi
493 1298 676 1376 pretendere
689 1299 794 1372 liceat,

436 1444 506 1495 iacile
522 1449 562 1494 est
570 1445 747 1509 epigrammata
758 1445 838 1496 cuivis

244 1521 356 1576 vertere,
367 1516 412 1568 sed
423 1517 500 1567 libros
511 1519 609 1568 vertere
618 1517 718 1568 difficile
728 1522 766 1568 est
779 1519 836 1582 (Ἦ.

129 1660 214 1719 aliud
225 1661 403 1736 estseligere
414 1681 482 1738 quae
495 1681 548 1720 sua
560 1677 712 1722 venustate
721 1665 915 1726 abhlandiuu-

128 1770 186 1829 tur,
213 1774 339 1833 quaeque
363 1769 532 1832 sequentem
555 1757 666 1817 ducunt
690 1759 769 1819 facili
790 1763 913 1842 itinere,

128 1853 209 1913 aliud
229 1870 281 1930 per
295 1851 429 1910 salebras
446 1873 506 1911 non
522 1855 620 1913 minus
634 1875 721 1934 quam
737 1878 789 1936 per
801 1879 916 1920 amoena

129 1949 270 2009 adfinem
294 1969 431 2028 pergere.
449 1950 512 2009 Hoc
527 1971 582 2010 nos
603 1955 793 2029 praestitimus
808 1959 913 2036 primi3

127 2046 367 2125 addidimusque,
378 2060 484 2124 praeter
499 2050 683 2127 Appendices
692 2051 780 2126 duas,
795 2055 914 2116 alteram

127 2144 281 2222 rlldinam,
316 2144 436 2203 alteram
475 2145 695 2225 Stephanicam,
724 2172 916 2233 quascumque

157 2347 192 2413 (*)
202 2348 212 2414 [
222 2349 249 2398 lu
261 2349 363 2402 illomm
374 2357 505 2417 poetarum
522 2366 626 2405 recensu
640 2359 754 2409 aGrotio
765 2374 813 2410 nou
827 2365 914 2414 tacen-

125 2416 175 2466 dus
194 2419 294 2470 omnino
313 2421 360 2472 tuit
374 2423 525 2475 norissimus
540 2424 653 2490 quidem,
668 2429 713 2479 sed
735 2444 782 2481 nou
797 2432 912 2496 ultimus,

125 2487 227 2538 Florens
255 2490 426 2555 Christianus,
446 2494 645 2560 Aurelianensis,
671 2500 714 2563 qui
741 2503 821 2552 uestri
845 2508 913 2555 Heu-

126 2557 171 2608 riel
187 2559 222 2608 1r
233 2561 345 2622 pueritie
358 2563 517 2616 instituenda
531 2568 679 2632 prefuerat,
692 2590 704 2613 «ι
716 2571 754 2620 rir
765 2572 855 2624 litteris
867 2577 913 2627 ele·

27 2657 29 2662 ,
125 2629 280 2691 gratioribus
301 2631 368 2684 baud
382 2635 543 2687 mediocriter
559 2638 675 2689 excultus
688 2660 700 2684 ν
712 2679 717 2703 ,
730 2643 847 2695 Thuauus
861 2647 912 2708 ait,

126 2707 152 2751 et
165 2700 231 2752 inter
243 2716 288 2752 sex
304 2703 360 2756 illos
378 2710 479 2770 Satyra
497 2709 643 2775 tlentppere
657 2716 774 2764 auctores
786 2729 912 2768 memora-

126 2776 177 2824 tus.
190 2773 250 2837 Ejus
269 2775 452 2840 Epigrammata
465 2793 496 2830 ex
517 2775 588 2831 libris
603 2783 757 2848 anthologia
773 2801 860 2851 graecae
872 2804 912 2842 se·

109 2845 190 2894 lecta
204 2847 229 2894 et
245 2844 329 2897 latinis
346 2849 461 2900 versibus
476 2852 575 2903 reddita
596 2854 742 2918 prodierunt
763 2859 872 2922 Parisiis,
887 2876 910 2912 a.

128 2925 189 2972 tout
207 2922 269 2986 (8⁰),
286 2926 354 2990 typis
365 2927 427 2977 ltob.
443 2929 569 2993 Stephani.
584 2933 701 2983 Metricas
717 2933 774 2986 illas
786 2937 912 2988 versiones

127 3006 175 3043 uon
185 2994 269 3045 omisit
285 2996 395 3048 andreas
408 2999 510 3050 ltirinus
527 3003 553 3053 in
564 3004 616 3055 suis
628 3004 785 3058 chiliadibus
797 3013 851 3060 tum
861 3013 912 3062 edi-

127 3065 158 3113 tls
171 3065 225 3114 tum
238 3065 337 3117 ineditis
350 3067 395 3132 (r.
418 3071 528 3123 Jacobsii
548 3074 645 3139 Proleg.
670 3077 730 3128 min.
744 3082 764 3129 t.
785 3081 805 3141 l,
819 3095 843 3145 p.
865 3087 909 3134 xx

30 3191 31 3196 .
126 3135 230 3198 hujusce
242 3137 319 3203 edit.)
335 3159 341 3189 ι
357 3141 422 3192 unde
437 3142 513 3194 etiam
531 3147 660 3200 nonnullas
674 3161 761 3198 earum
782 3165 838 3202 cum
856 3154 910 3206 aliis

937 2771 941 2798 l

971 524 1182 602 epigrammata
1196 511 1229 588 in
1248 530 1474 608 praeclarissimo
1490 533 1720 616 lnscriptionuur
1744 562 1761 601 a

971 621 1101 682 Grutero
1115 625 1261 686 editarum
1273 627 1411 706 leguntur
1427 651 1533 710 opere,
1548 650 1689 712 praeterea
1705 641 1762 700 alia

974 723 1099 797 sparsim
1126 737 1256 802 reperta.
1283 725 1380 786 Nolim
1400 747 1436 787 eo
1463 735 1575 792 moveri
1601 735 1739 796 lectorem
1750 784 1767 811 ,.

973 817 1052 894 quod
1067 820 1199 898 quaedam
1213 821 1321 882 horum
1335 827 1579 904 epigrammatum
1601 832 1701 894 verbis
1715 837 1760 896 in-

973 914 1087 974 terdum
1102 918 1238 977 nonnihil
1254 919 1466 982 dissidentibus
1480 926 1558 1003 apud
1576 929 1759 1007 Athenaeum,

971 1011 1133 1088 Diogenem
1162 1013 1335 1097 Laertium,
1352 1017 1485 1096 aliosque
1515 1025 1654 1102 reperiet.
1686 1028 1759 1088 Cum

971 1106 1048 1164 enim
1060 1127 1163 1167 verum
1175 1129 1293 1170 sensum
1304 1111 1424 1173 haberet
1435 1115 1487 1174 illa
1501 1119 1658 1198 scriptura,
1673 1145 1759 1202 quam

972 1207 1004 1261 iu
1031 1205 1181 1267 veteribus
1209 1209 1295 1268 libris
1318 1212 1390 1270 olim
1417 1213 1565 1277 Planudes
1590 1227 1759 1301 conspexit,

972 1301 1078 1362 deinde
1093 1301 1267 1380 Salmasius,
1293 1312 1480 1371 temerarium
1507 1314 1599 1376 iuerat
1622 1323 1760 1405 camim-

972 1413 1083 1458 mutare
1096 1401 1132 1459 ad
1148 1399 1268 1465 illorum
1283 1409 1486 1488 recitationes,
1502 1415 1554 1490 qni
1568 1435 1659 1495 saepe,
1676 1419 1760 1478 libris

971 1497 1160 1572 inconsultis,
1185 1501 1305 1578 iugenio
1333 1525 1420 1582 quam
1458 1513 1600 1570 memoria
1629 1513 1760 1575 feliciore
1785 1503 1788 1512 “

972 1610 1134 1671 posuerunt
1155 1599 1235 1675 quod
1251 1620 1311 1659 uon
1327 1605 1470 1682 scriptum
1488 1606 1599 1686 fuerat,
1616 1610 1666 1669 sed
1677 1615 1758 1690 qued

971 1690 1061 1750 scribi
1074 1713 1158 1768 aeque
1171 1709 1318 1774 potuerat.
1332 1699 1406 1760 Sunt
1424 1717 1453 1760 et
1472 1705 1604 1781 quaedam
1616 1708 1672 1770 sub
1687 1710 1757 1772 alie·

973 1790 1018 1848 nis
1039 1792 1136 1852 titulis
1150 1813 1167 1853 a
1188 1794 1320 1856 Planude
1344 1799 1501 1875 collocata,
1516 1803 1547 1860 in
1562 1817 1644 1882 parte
1660 1809 1760 1886 sepul-

971 1886 1042 1944 crali
1057 1890 1185 1949 maxime
1202 1913 1208 1950 ε
1225 1893 1276 1952 sed
1296 1893 1348 1952 illa
1368 1897 1431 1956 suis
1447 1898 1602 1958 restituere
1621 1900 1710 1976 locis,
1731 1919 1760 1963 et

971 1981 1076 2041 addere
1091 2005 1156 2064 qnae
1170 1986 1201 2044 in
1216 1990 1409 2066 accessiones,
1424 1992 1546 2052 fortuito
1561 1983 1667 2056 ordine
1681 2012 1714 2057 ut
1728 2020 1759 2059 se

970 2077 1093 2153 dabant,
1110 2081 1227 2141 anobis
1243 2084 1376 2161 conjecta
1389 2100 1474 2160 sunt,
1490 2088 1681 2150 arbitrarium
1697 2100 1757 2154 cui·

970 2190 1115 2253 quaesto.
1132 2179 1198 2249 Quo
1221 2181 1339 2242 facilius
1354 2183 1393 2242 sit
1419 2187 1563 2264 reperire,
1580 2190 1694 2267 siquid
1717 2192 1758 2252 le·

970 2287 1047 2331 ctum
1065 2277 1192 2353 requirit
1206 2279 1333 2351 animus,
1350 2281 1530 2359 scriptorum
1555 2287 1676 2346 nomina
1690 2310 1757 2348 cum

969 2371 1031 2430 suis
1053 2373 1209 2451 operibus,
1224 2388 1253 2433 et
1280 2396 1339 2449 res,
1361 2397 1511 2456 personas,
1535 2381 1601 2442 loca
1621 2383 1758 2446 denotata

969 2466 1084 2526 elenchi
1097 2469 1290 2548 exhibebunt,
1300 2485 1366 2532 ante
1381 2473 1468 2534 editis
1480 2495 1539 2538 non
1553 2481 1640 2557 paulo
1656 2482 1758 2542 melio-

969 2582 1015 2624 res
1026 2566 1239 2645 auctioresque.

968 2785 1020 2832 tos.
1038 2785 1169 2850 scaligeri,
1183 2790 1213 2838 D.
1229 2789 1324 2840 Heinsii
1339 2791 1494 2856 aliorumque
1508 2795 1641 2859 descripsit
1658 2799 1688 2847 ad
1704 2800 1755 2850 cal·
1850 2771 1855 2783 Ι

967 2866 1021 2903 cem
1029 2855 1090 2906 edili
1098 2857 1131 2908 ab
1144 2871 1171 2908 se
1186 2859 1304 2924 Meleagri
1317 2864 1357 2912 Fr.
1369 2863 1485 2920 GraesfflS,
1499 2878 1574 2928 quem
1585 2867 1642 2918 ride
1652 2873 1679 2920 et
1689 2872 1755 2922 Prte-

975 2924 1075 2975 tationis
1093 2941 1118 2992 p.
1132 2929 1239 2994 xalta]

998 2999 1046 3056 rr)
1057 2999 1065 3058 l
1076 2999 1129 3048 uu.
1144 3001 1198 3056 vu.
1211 3013 1250 3064 ep.
1263 3006 1303 3064 as,

1218 3101 1221 3108 ’
1292 3113 1359 3159 tacile
1372 3120 1406 3162 est
1419 3117 1579 3171 epigrammata
1590 3118 1648 3163 belle

1152 3171 1263 3228 scribere,
1272 3175 1311 3220 sed
1321 3174 1405 3220 librum
1415 3177 1514 3222 seribere
1524 3176 1616 3224 difficile
1627 3182 1680 3237 cst}
