3728 5918
499 381 627 442 CAPUT
649 379 710 441 Xll.
736 377 945 438 STRATONIS
966 379 1073 440 MUSA
1096 380 1278 442 PUERlLlS.
1390 439 1392 448 ,
1633 389 1694 450 lli

359 536 418 586 tto.
438 537 576 583 utiliori.
1194 541 1246 590 140.
1271 549 1411 593 luceant.

79 667 129 724 Τὸν
143 665 226 723 καλὸν
241 665 276 729 ὡς
288 662 381 738 ἰδόμαν
390 645 592 741 Ἀρχέστρατον,
603 662 633 720 ού
646 659 684 736 pir
695 659 738 718 τὸν
749 659 863 738 Ἑρμᾶν,
910 668 1055 716 Fomrosum
1067 667 1109 717 ubi
1121 667 1172 718 ridi
1187 667 1375 720 Aruhestratum
1384 707 1391 728 ,
1400 683 1462 730 non,
1473 685 1518 735 per
1531 673 1695 738 Mercurium,

117 756 148 812 οὐ
164 750 247 810 καλὸν
263 751 340 809 αι’πδν
351 749 429 832 έραν·
442 752 471 808 οὗ
485 748 538 831 γὰρ
552 747 620 826 ἄγαν
635 749 728 808 ἐδόκει.
940 767 989 804 non
1001 754 1135 806 formosum
1143 756 1214 806 illum
1224 757 1287 818 dixt;
1298 771 1346 807 non
1357 759 1422 808 enim
1433 758 1522 823 oppido
1533 760 1671 814 uidebatur.

78 832 171 916 atina,
188 839 236 900 καλ
250 840 267 897 ἃ
284 836 399 913 Νέμεσίς
413 862 448 914 με
461 835 630 916 συνάρπασε,
646 836 738 904 κεύθὺς
754 834 863 916 ἓκεέραν
911 841 978 903 Dixi,
991 845 1017 893 et
1029 844 1140 894 Nemesis
1152 858 1194 895 me
1207 844 1337 909 corripuit,
1348 845 1482 910 statimque
1492 847 1558 910 janui

116 929 145 984 έν
157 926 237 1008 πυρὶ,
249 929 313 994 παῖς
325 927 347 983 δ’
362 928 403 984 ἐπ’
418 925 477 1000 ἐμοὶ
492 923 557 991 Ζεύς
569 923 776 1003 έκεραυνούόλει.
940 929 1045 995 migne,
1058 945 1120 996 puer
1130 935 1215 982 autem
1226 946 1266 984 me
1277 935 1404 998 tauquam
1414 935 1511 999 Jupiter
1520 937 1666 990 fulminavit.

74 1019 101 1075 T
103 1016 132 1073 όν
142 1015 216 1073 παῖδ’
225 1013 389 1090 ἱλασόμεσθ,
400 1011 417 1084 ἢ
430 1011 478 1070 τὰν
490 1012 567 1084 θεόν;
583 1009 664 1071 Ἀλλὰ
676 1017 734 1070 θεοῦ
750 1035 795 1090 μοι
910 1018 1018 1068 Ρυσιιιιιι
1030 1017 1232 1083 propitiabimus‚
1243 1020 1375 1071 audeam?
1387 1022 1435 1072 Sed
1448 1023 1495 1073 dea
1509 1023 1570 1074 mitri

117 1096 189 1162 ἔστιν
204 1106 292 1168 ὁπαῑς
304 1099 440 1180 κρέσσων·
454 1099 571 1180 χαιρέτω
585 1100 602 1158 ἆ
617 1099 743 1178 Νέμεσις.
942 1107 981 1156 est
994 1119 1056 1170 puer
1066 1107 1189 1171 potentior
1204 1109 1303 1158 :nalem
1312 1110 1432 1160 Nemesis.

302 1267 368 1318 ιιι.
392 1256 637 1317 ΜΕΛΕΑΓΡΟΥ.
1185 1269 1238 1317 ιιι.
1256 1269 1424 1316 manarum.

73 1397 229 1479 Ἐρθέγξω,
242 1396 286 1455 ναὶ
301 1395 412 1475 Κύπριν,
427 1395 444 1453 ά
459 1396 496 1472 μὴ
511 1395 599 1470 θέμις,
614 1383 635 1452 alr
651 1394 720 1471 μέγα
734 1396 835 1471 τολμᾶν
910 1403 1080 1465 Elocutus-es,
1094 1418 1134 1454 nae
1146 1418 1191 1470 per
1205 1407 1311 1470 cyprin,
1321 1420 1378 1470 quaa
1393 1407 1473 1468 netas,
1485 1407 1557 1458 valde
1568 1408 1660 1458 audere

116 1493 183 1564 θυμὲ
199 1486 303 1562 μαθών·
318 1487 416 1565 Θήρων
431 1484 471 1546 σολ
486 1483 566 1552 καλὸς
579 1485 626 1542 ούκ
642 1484 739 1563 έράνη;
943 1490 1025 1542 anime
1033 1491 1314 1556 qutoiuusttzmeron
1323 1493 1368 1546 tibi
1377 1497 1699 1547 lemnosusnonest-risus?

75 1576 121 1635 σοὶ
138 1574 220 1642 καλὸς
236 1577 283 1634 οὐκ
298 1574 380 1654 ἔράνη
394 1575 509 1652 Θήρων,
525 1573 582 1629 ἀλλ’
598 1571 676 1638 αὐτὸς
689 1571 818 1644 ὑπέστης,
910 1579 958 1630 tibi
970 1581 1093 1632 formosus
1101 1595 1150 1632 non
1159 1582 1275 1633 est-visus
1286 1583 1400 1634 Theron?
1414 1587 1446 1634 At
1458 1584 1512 1650 ipse
1524 1585 1612 1634 dicere
1625 1586 1699 1636 susti·

117 1663 177 1723 οὐδέ
190 1663 251 1728 Διὸς
261 1662 360 1732 πτήξας
374 1666 427 1742 πῦρ
440 1661 470 1720 τὸ
484 1658 684 1740 κεραυνούολον.
943 1666 984 1717 vel
997 1666 1069 1720 Jovis
1080 1669 1417 1732 nonexparesuenslulmen.
1595 1672 1695 1736 mutati,

73 1753 197 1830 Τοιγὰρ,
212 1752 282 1822 ἰδοὺ,
294 1749 338 1808 τόν
352 1747 450 1829 πρόσθε
464 1748 545 1808 λάλον
560 1745 705 1828 προύθηκεν
720 1745 820 1805 ἰδέσθαι
910 1757 1005 1823 igitur,
1018 1770 1088 1820 eeee,
1103 1758 1219 1822 enm-qui
1238 1762 1296 1810 aute
1317 1759 1442 1826 garriebat
1455 1761 1583 1825 proposuit
1599 1764 1697 1826 oonspi·

117 1843 215 1914 δεῖγμα
229 1834 422 1917 θρασυστορέης
436 1840 453 1906 ἡ
470 1835 610 1915 βαρύρρων
626 1833 750 1910 Νέμεσις.
942 1845 1119 1898 documentum
1133 1845 1350 1912 eunomiumne
1360 1850 1423 1899 trata
1435 1848 1555 1900 Nemesis.
1611 1850 1695 1914 [cuum

290 1977 292 1982 ’
349 1997 416 2049 ιιι.
439 1989 594 2048 ΡΙΑΝΟΥ.
631 2065 636 2076 .
1216 2000 1267 2048 ιιι.
1283 1999 1401 2048 aarum.

75 2124 139 2204 Ἰξῷ
153 2124 297 2193 Δεξιόνικος
311 2123 363 2182 ὑπὸ
376 2126 434 2204 χλω
450 2130 468 2205 ῇ
482 2123 654 2205 πλατανίστῳ
912 2122 986 2172 Viam
998 2123 1146 2176 Dexionieus
1160 2127 1207 2176 suh
1222 2126 1295 2178 viridi
1307 2128 1405 2192 platano

119 2214 251 2292 κόσσυρον
266 2213 410 2290 ἀγρεύσεις,
426 2148 480 2271 elle
493 2212 563 2273 κατδι
578 2211 726 2293 πτερύγων·
944 2212 1065 2262 merulam
1079 2217 1198 2276 venatus,
1213 2215 1278 2280 cepit
1289 2229 1332 2280 per
1341 2217 1392 2266 alas
1407 2237 1413 2266 :

74 2305 121 2381 χώ
139 2303 187 2376 μέν
205 2301 390 2381 άναστενάχων
407 2299 559 2360 α’πεκιύκυεν
574 2302 643 2380 ἱερός
656 2300 736 2380 ύρνις.
911 2302 937 2349 et
949 2299 1074 2364 ingemens
1086 2301 1188 2366 ejulavit
1200 2317 1270 2354 sacer
1283 2304 1342 2354 oles.

121 2390 192 2449 Ἀλλ’
207 2379 307 2467 έγὼ,ιῖι
322 2389 376 2468 φίλ’
386 2387 490 2468 Ἔρως,
503 2390 549 2449 καὶ
563 2387 671 2469 θαλεραὶ
687 2388 817 2468 Χάριτες,
888 2439 891 2490 ,
942 2388 990 2438 ὃθέ
1003 2401 1062 2454 ego.
1072 2403 1087 2438 ⁰
1097 2403 1152 2440 ⁰³¹0
1163 2395 1247 2453 amor,
1258 2395 1283 2442 θῑ
1293 2392 1384 2442 ss⁰tldae
1395 2393 1502 2451 Gffllifl‘o,

76 2477 136 2548 εἴην
152 2477 200 2534 καὶ
215 2477 295 2556 κίχλη
310 2478 355 2535 καὶ
370 2474 517 2556 κόσσυφος,
532 2481 567 2545 ὡς
582 2479 612 2535 ἂν
626 2477 723 2537 ἐκείνου
888 2495 891 2542 1
911 2477 1067 2528 utinam-tim
1081 2481 1106 2528 el
1118 2478 1208 2529 turdus
1219 2483 1244 2530 el
1257 2481 1381 2542 merulus,
1397 2484 1424 2532 ut
1436 2479 1501 2531 illius

120 2567 146 2621 ἐν
161 2565 222 2644 χερὶ
234 2565 279 2623 καὶ
294 2563 408 2646 φθογγὴν
422 2565 467 2622 καλ
480 2563 561 2644 γλυκὺ
577 2565 659 2646 δάκρυ
673 2564 756 2644 βάλοι.
943 2564 968 2614 in
985 2577 1059 2616 manu
1070 2569 1096 2616 et
1105 2579 1191 2617 vocem
1203 2570 1229 2619 et
1241 2568 1339 2620 dulcem
1349 2557 1474 2619 lacrimam
1486 2569 1610 2621 emittam.

361 2717 423 2768 143.
442 2715 583 2762 ΑΔΗΛΟΝ.
904 2777 907 2782 Δ
1196 2722 1248 2768 raa.
1278 2730 1418 2772 rncaanr.

77 2839 91 2860 ⁶
105 2837 199 2919 Ἐρμῇ
213 2840 338 2909 τοξευθεὶς
351 2841 479 2909 ἐξέσπασε
491 2838 584 2918 πικρὸν
597 2836 701 2918 έρήύιρ·
914 2848 1052 2900 Mercurius
1062 2849 1230 2914 sagitta-ictus
1241 2849 1309 2915 [non]
1320 2850 1409 2902 evulsit
1420 2865 1531 2903 amarum
1542 2853 1699 2917 epirebumrit

118 2925 196 3004 κήγὼ
210 2926 257 2998 τὴν
273 2931 365 3008 αὐτὴν,
378 2928 460 3003 ξεῖνε,
474 2927 590 3008 λέλογχα
602 2926 642 2986 τύ·
653 2949 696 2998 ην.
944 2939 1024 3002 elego
1033 2936 1151 2997 eandem,
1161 2953 1177 2988 o
1187 2938 1295 3003 hospes,
1304 2940 1477 2990 sortitus-sum
1491 2941 1625 2992 lomumm.

77 3011 160 3072 Ἀλλά
176 3013 206 3090 μ’
218 3015 427 3098 Ἀπολλοφάνους
441 3014 531 3096 τρύχει
545 3015 630 3082 πόθος.
658 3015 685 3074 Ω
700 3013 837 3094 ριλέεθλε,
913 3025 963 3076 Sed
986 3039 1026 3076 me
1048 3025 1222 3091 Apollophanis
1244 3029 1369 3079 eonsumit
1389 3041 1468 3081 ειιιοι.
1483 3033 1504 3080 0
1525 3030 1700 3081 oertaminum·

118 3102 252 3184 έρθοισας·
266 3105 344 3172 εἰςέν
357 3111 410 3188 πῦρ
424 3107 447 3165 ol
462 3105 501 3164 δύ’
514 3103 672 3179 ἐνηλάμεθα.
946 3117 1101 3167 antevertisti
1113 3117 1155 3167 :in
1168 3132 1246 3168 unum
1258 3118 1339 3182 lgnem
1353 3119 1580 3171 amboinsiluimus.
1593 3121 1700 3185 [amans.
1793 3114 1796 3122 ’

306 3277 374 3329 144.
397 3266 640 3326 ΜΕΔΕΑΓΡΟΥ.
1192 3281 1243 3327 ιιι.
1262 3279 1430 3330 manarum.

79 3423 115 3481 'rt
126 3423 248 3499 κλαίεις,
260 3425 437 3505 ρρενολῃστά;
451 3425 478 3484 τί
491 3428 514 3484 δ’
527 3423 606 3505 άγρια
622 3426 683 3495 τόξα
696 3425 742 3483 καὶ
756 3424 809 3490 ἰούς
912 3435 979 3493 Quid
991 3434 1051 3498 tlea,
1064 3434 1274 3485 animorum-luri
1288 3437 1314 3485 et
1326 3434 1387 3498 quid
1396 3436 1462 3485 ieras
1473 3435 1575 3500 sagittas
1585 3437 1701 3500 etiacula

120 3511 244 3592 ἔρριψας,
258 3515 336 3593 διφυῆ
350 3515 446 3593 ταρσὸν
465 3516 533 3580 ἀνεὶς
548 3515 701 3595 πτερύγιον;
941 3521 1209 3587 projecisti‚cluplloem
1218 3535 1314 3573 remum
1323 3522 1452 3574 remittens
1461 3523 1574 3574 alarum?

80 3590 118 3658 Ἦ
136 3601 170 3680 ῥά
185 3624 216 3679 γε
229 3602 275 3659 καὶ
290 3601 319 3660 σὲ
333 3601 453 3670 Μυΐσκος
466 3607 480 3660 θ
493 3603 628 3682 δύσμαχος
639 3605 756 3680 ὄμμασιν
773 3600 846 3661 αἴθει.
913 3611 1028 3661 Proiecto
1040 3610 1117 3662 etiam
1129 3613 1155 3661 te
1169 3612 1278 3674 myiscas
1288 3610 1609 3664 irresistibilisoenlisurit:

120 3687 169 3754 Ὡς
182 3689 257 3766 μόλις
270 3681 303 3751 οἷ’
318 3689 394 3769 ἔδρας
408 3689 505 3771 πρόσθε
520 3692 610 3751 παθὼν
623 3690 727 3767 ἔμαθες.
946 3704 1027 3759 Quam
1041 3713 1105 3765 aegre
1116 3700 1199 3763 qualia
1211 3699 1298 3750 leceris
1309 3699 1377 3764 prius
1390 3713 1478 3765 passus
1488 3699 1612 3752 didicisti!

369 3853 429 3903 145.
449 3855 588 3902 ΔΔΗΛΟΝ.
1205 3851 1256 3897 145.
1269 3861 1409 3903 tacituri.

83 3986 206 4056 Παύετε,
219 3987 390 4067 παιδορέλαι,
401 3987 488 4048 κενεδν
503 3989 590 4047 πόνον·
603 3987 692 4068 ἴσχετε
704 3987 822 4068 μόχθων,
912 3996 1038 4058 Desinite,
1052 4001 1323 4061 puerorum-amantes,
1337 3999 1435 4050 irritum
1446 4001 1569 4061 laborem:
1580 4001 1701 4054 abstinete

122 4073 278 4154 δύσφρονες·
293 4075 437 4155 ἀπρήκτοις
451 4078 539 4137 έλπέσι
553 4076 708 4154 μαινόμεθα.
943 4082 1155 4133 animo-infelices.
1174 4083 1246 4134 lrn'ta
1258 4097 1302 4149 spe
1315 4085 1458 4136 insanimus.
1514 4086 1698 4151 [arianarumnis¹

84 4154 154 4224 Ἶσον
169 4164 215 4222 ἐπὶ
230 4163 354 4246 ψαραρὴν
370 4165 472 4226 ἀντλεῖν
489 4164 556 4238 tta,
569 4164 641 4224 κάπδ
653 4164 789 4238 Λιύύσσης
914 4171 1036 4221 idem-est
1050 4170 1076 4219 in
1092 4169 1186 4221 aridam
1200 4172 1326 4223 exantlare
1336 4185 1415 4233 mare,
1429 4179 1454 4224 et
1464 4189 1478 4224 e
1490 4175 1581 4239 Libyes

122 4253 235 4332 ψάμμον
250 4253 396 4331 δριθμητήν
412 4251 669 4336 άρτιάσιιιψεκάδα,
944 4259 1055 4309 arenain
1067 4272 1199 4309 nnmerum
1211 4273 1297 4324 eogere
1311 4262 1493 4324 portiunculas,
1621 4265 1700 4330 [biens

81 4330 138 4398 ἶσον
153 4339 200 4398 καὶ
213 4339 316 4400 παίδων
332 4341 448 4422 στέργειν
460 4341 548 4412 πόθον,
562 4331 600 4407 οἷς
610 4339 641 4398 τὸ
651 4340 777 4421 κεναυχές
912 4348 977 4398 idern
990 4347 1017 4397 et
1029 4359 1163 4411 puerorum
1179 4349 1270 4399 sectari
1282 4363 1406 4412 amorem,
1419 4351 1512 4414 quibus
1527 4351 1699 4418 inane-super·

122 4431 219 4496 κάλλας
233 4429 270 4490 m
285 4431 396 4512 χθονίοις
410 4431 457 4505 ἡδύ
470 4454 497 4491 τι
510 4430 675 4496 κάθανάτοις.
944 4435 1023 4484 torma
1035 4433 1060 4484 in
1073 4433 1202 4499 terrigenis
1214 4434 1287 4487 dulce
1300 4435 1361 4500 quid
1373 4439 1399 4488 et
1410 4437 1590 4490 immortalitas
1704 4433 1708 4442 “

85 4517 208 4599 Δέρκεσθ
222 4521 259 4586 εἰς
272 4519 319 4596 ἐμὲ
332 4520 440 4588 πάντες·
455 4523 470 4578 ὁ
483 4517 534 4599 γὰρ
551 4518 634 4597 πάρος
646 4522 682 4584 εἰς
692 4519 765 4579 κενόν
778 4524 854 4597 ἡμῶν
882 4527 885 4534 ’
913 4515 1236 4576 οουΙοι-οοιιισιῐέθαίιιιιιο
1246 4537 1333 4576 omnes
1347 4545 1354 4575 ε
1366 4525 1409 4576 ille
1419 4526 1484 4576 enim
1497 4525 1565 4591 prior
1575 4527 1699 4580 ineassum

124 4606 223 4686 μόχθος
236 4609 279 4666 trel
294 4607 378 4688 ξηροῖς
392 4607 513 4689 ἐκκέχυτ’
527 4608 666 4683 αἰγιαλοῖς.
943 4613 1012 4662 labor
1023 4611 1049 4661 in
1061 4611 1137 4663 aridis
1147 4613 1295 4664 effusus-est
1303 4614 1435 4665 littoribus.
1606 4617 1699 4682 [noster

358 4777 425 4828 rto.
448 4765 600 4826 ΡΙΑΝΟΥ.
1064 4730 1068 4737 ¹
1216 4777 1267 4823 rm.
1285 4775 1403 4824 amam.

89 4903 227 4983 ’.θγρεύσας
240 4906 284 4965 τὸν
299 4907 390 4988 νεὸρόν
405 4908 549 4983 ἀπώλεσα,
564 4913 606 4991 χώ
621 4913 668 4988 μέν
683 4913 795 4982 ἀνατλὰς
912 4923 1022 4971 Venatus
1032 4922 1171 4984 capreolum
1181 4921 1265 4985 amisi,
1278 4924 1304 4973 et
1315 4921 1359 4986 qui
1367 4921 1473 4972 sustinui

128 4993 225 5073 μυρέσ,
238 4994 285 5054 καλ
299 4997 400 5069 στήσας
415 4997 507 5058 δίκτυα
520 4998 565 5058 καλ
579 5002 721 5078 στάλικας,
945 5013 1075 5072 sexcenta,
1088 5013 1113 5060 et
1121 5010 1194 5075 posui
1206 5009 1268 5062 retia
1279 5013 1306 5062 et
1317 5010 1438 5075 furculas,

90 5080 135 5142 σύν
147 5092 246 5149 κινεαίς
257 5084 390 5164 χείρεσσιν
406 5086 570 5167 ἀπέρχομαι·
582 5093 605 5149 ol
619 5089 642 5146 δ’
656 5093 784 5166 άμεγηιοι
913 5096 990 5161 (eum)
1000 5098 1086 5149 raonis
1099 5097 1212 5150 manibus
1225 5099 1287 5150 abeo
1302 5117 1309 5148 :
1322 5098 1359 5150 illi
1370 5101 1455 5164 autem
1469 5099 1643 5151 sudore-nullo

128 5172 198 5247 τάρέι
210 5171 346 5252 φέρουσιν,
362 5173 463 5255 Ἔρως·
478 5168 514 5243 οἷς
528 5175 559 5236 σὺ
572 5177 656 5254 γένοιο
672 5177 760 5257 βαρύς.
944 5199 999 5236 mea
1012 5187 1141 5249 auserunt,
1151 5201 1173 5284 ⁰0
1180 5191 1267 5250 Amor3
1282 5186 1374 5254 quibus
1387 5187 1481 5238 utinam
1497 5190 1526 5238 tu
1538 5188 1573 5239 sis
1585 5189 1682 5251 gravis!

606 5276 617 5304 1
