3734 5920
186 475 247 536 eat
753 472 1013 571 ANTHOLOGIAE
1035 470 1240 534 PALATINAE

380 618 428 666 50.
452 607 778 667 ΑῘΤΟΜΕΔΟΝΤΟΣ.

186 747 341 824 Εὐδαίμων,
353 751 456 828 πρῶτον
470 745 517 824 μίν
532 750 546 806 δ
560 747 653 826 μηδενί
669 747 751 822 μηδὲν
764 749 895 828 όφείλων·

226 829 282 894 εἶτα
298 837 347 894 δ’ὁ
362 834 398 912 μὴ
413 835 510 913 γήμας·
524 836 555 894 τὸ
569 835 669 914 τρίτον,
683 836 754 901 ὅστις
771 837 859 903 ἄπαις.

184 925 239 986 Ἠν
253 925 280 985 δὲ
296 925 387 1002 μανείς
400 924 474 1002 γήμῃ
487 947 538 996 τις,
553 923 608 1002 ἔχει
624 923 714 1002 χάριν,
731 923 764 994 ἢν
777 923 906 1004 κατορύξῃ

224 1013 300 1081 εὐθὺς
312 1012 360 1086 τὴν
374 1011 504 1090 γαμετὴν,
516 1021 614 1090 προῖκα
630 1011 720 1070 ialin
736 1012 865 1090 μεγάλην.

992 612 996 668 Ι
1252 620 1291 666 50.
1308 617 1564 668 ΛΕΤΟΜΕΒΟΝΤΙΞ.

1019 757 1098 820 Felix,
1111 760 1149 809 est
1161 757 1268 821 primum
1283 759 1383 822 quidem
1396 759 1439 822 qui
1453 759 1515 809 nulli
1527 757 1664 824 quidquam
1677 760 1761 816 deick

1049 845 1108 896 dein
1120 845 1163 909 qui
1175 860 1224 896 non
1236 846 1427 906 duxit-uxorem,
1440 847 1514 897 tortio
1527 847 1571 911 qui
1579 850 1619 898 est
1633 847 1787 898 sine-liberis.

1019 936 1043 984 Si
1057 950 1116 986 roro
1126 935 1227 986 insanus
1237 935 1449 986 uxorem-duxerit
1458 936 1592 1000 quispiam,
1605 935 1680 987 hebet
1692 938 1799 1001 gratiam

1050 1024 1135 1076 statim
1146 1037 1264 1086 uxorem,
1278 1023 1361 1074 dolam
1372 1027 1460 1074 nactus
1472 1036 1593 1089 magnam.
1641 1024 1679 1089 [si
1694 1023 1801 1074 detodiat

184 1103 268 1163 Ταῦτ’
280 1100 355 1169 εἰδὼς
366 1101 444 1181 σοφὸς
456 1099 509 1158 ἴσθι
520 1123 528 1137 ·
543 1099 629 1176 μάτην
642 1099 664 1157 δ’
679 1100 838 1181 Ἐπίκουρον
854 1101 931 1159 ἔασον
1019 1117 1080 1164 iliae
1091 1113 1195 1164 edoctus
1207 1114 1304 1177 sapiens
1315 1116 1382 1172 est03
1398 1113 1524 1162 incassum
1534 1126 1594 1163 vcro
1605 1113 1740 1177 Epicurum
1754 1115 1802 1162 sine

224 1197 275 1250 ποῦ
290 1191 321 1250 τὸ
334 1189 408 1250 κενόν
421 1194 526 1262 ζητεῖν,
540 1189 585 1247 καὶ
596 1189 663 1255 τίνες
677 1192 704 1248 αἱ
720 1188 839 1264 μονάδες.

476 1335 522 1388 51.
542 1337 683 1385 iuniori.

185 1465 242 1534 Τῆς
254 1461 325 1541 ὥρας
342 1462 474 1520 οὶπόλαυε·
488 1458 660 1538 παρακμάζει
674 1455 742 1537 ταχὺ
757 1457 857 1517 πάντα·

226 1550 254 1608 ίν
268 1549 339 1627 θέρος
354 1547 380 1616 ἐξ
396 1547 485 1628 ἐρίφου
500 1547 600 1628 τρηχὺν
616 1546 693 1619 ἔθηκε
707 1549 812 1627 τράγον.

472 1699 516 1750 52.
545 1704 706 1752 ΑΔΗΛΟΝ.ι

190 1827 322 1907 ΙΙαιδείῳ,
337 1825 525 1906 Θρασύὸουλε,
539 1825 706 1904 σαγηνευθείς
720 1827 765 1885 ὑπ’
780 1825 855 1906 ἔρωτι

228 1914 399 1993 ἄσθμαίυεις,
414 1911 545 1993 δελφίςῶς
559 1938 598 1981 τις
612 1917 654 1974 ἐπ’
670 1915 793 1992 αἰγιαλοῦ

1052 1203 1094 1252 ubi
1110 1205 1144 1254 stt
1152 1215 1261 1252 vacuum
1272 1214 1398 1265 quorem,
1411 1204 1437 1252 et
1450 1215 1506 1264 qum
1521 1203 1571 1252 sint
1583 1201 1709 1251 nonades.

1318 1346 1357 1391 51.
1380 1351 1517 1394 incultu.

1021 1470 1162 1522 Bona-liora
1177 1437 1258 1518 tiuare
1271 1487 1277 1517 :
1290 1468 1441 1528 praetereunt
1453 1465 1502 1516 cito
1515 1468 1619 1514 cuneta:

1052 1573 1101 1610 una
1113 1562 1187 1608 ustas
1198 1571 1212 1608 ο
1224 1556 1337 1621 capreolo
1350 1553 1477 1619 hispidum
1486 1555 1545 1604 lacit
1557 1554 1663 1602 laireiun.

1314 1703 1353 1746 52.
1376 1705 1512 1748 trctari.
1607 1699 1609 1703 ¹

1022 1838 1126 1898 Paulli,
1140 1853 1156 1886 o
1170 1836 1335 1899 Thrasybulo,
1351 1833 1461 1884 inclitus
1474 1845 1556 1883 amore

1051 1925 1168 1988 anhelas‚'
1177 1925 1310 1990 delphinus
1322 1928 1440 1988 tanquam
1453 1921 1544 1986 aliquis
1557 1921 1581 1970 in
1594 1920 1680 1972 littore

187 2003 304 2082 κύματος
316 2004 440 2086 ἱμείρων·
453 2002 581 2082 δρέπανον
594 2003 622 2061 δι’
636 2025 679 2062 σοι
692 2001 750 2061 οὐδὲ
764 2002 794 2060 τὸ
813 2005 933 2082 Περσέως
1022 2015 1126 2066 luctum
1135 2013 1278 2066 desiderans
1296 2027 1302 2056 ε
1320 2011 1414 2062 neuris
1428 2023 1488 2060 vero
1500 2008 1544 2058 tibi
1556 2022 1587 2058 ne
1602 2007 1686 2056 Persei
1697 2007 1795 2070 quinem

228 2095 303 2174 σἰρκεῖ
315 2093 465 2169 ἀποτμῆξαι
478 2092 581 2152 δίκτυον
596 2083 618 2172 ᾧ
637 2090 750 2152 δέδεσαι.
831 2103 837 2118 ·

478 2238 523 2290 53.
542 2239 682 2285 ΑΔΗΛΟΝ.

187 2368 228 2431 Τό
243 2368 315 2450 ῥόδον
333 2367 446 2445 ἀκμάζει
462 2365 536 2444 βαιδν
547 2365 657 2445 χρόνον·
669 2363 702 2435 ἣν
718 2361 745 2422 δὲ
759 2360 893 2441 παρέλθῃ,

228 2461 313 2530 ζητῶν
328 2457 449 2537 εὑρήσεις
460 2459 489 2514 οὐ
505 2454 591 2536 ῥόδον,
608 2453 676 2514 illl
695 2452 785 2531 βάτον.

450 2609 499 2658 sl.
523 2595 716 2656 nannius.

190 2742 323 2824 Ιήραλίον
340 2765 372 2817 με
389 2748 511 2819 γυναῖκες
524 2735 743 2804 ἀποσκώπτουσι,
758 2733 882 2810 λέγουσαι

229 2833 265 2898 εἷς
277 2833 308 2891 τὸ
321 2832 468 2909 κάτοπτρον
484 2831 547 2906 ὁρᾶν
562 2827 686 2904 λείψανον
699 2823 814 2897 ἡλικίης.

113 2971 114 2975 ,
190 2919 259 2982 “λλλ’
273 2917 325 2996 ἐγὼ
337 2922 361 2977 εἰ
375 2917 468 2983 λευκάς
483 2917 568 2998 φορίω
583 2915 690 2995 τρίχας,
708 2911 759 2970 εἴτε
773 2908 897 2986 pucduisse:
909 2953 915 2978 ‚

230 3013 276 3069 οὐκ
289 3009 393 3086 ἀλίγον,
411 3006 497 3086 βιότου
510 3003 575 3084 πρὸς
589 3001 662 3069 τέλος
675 3001 825 3081 ἐρχόμενος.

190 3096 321 3174 Εὗόδμοις
334 3095 362 3154 δὲ
376 3096 480 3174 μύροισι
491 3093 537 3152 καὶ
546 3093 696 3156 εὐπετάλοις
709 3089 858 3168 στεφάνοισι

231 3187 276 3244 καί
293 3185 399 3264 Βρομίῳ
413 3182 491 3241 παύω
505 3181 642 3263 φροντίδας
654 3181 793 3260 άργαλίας.

450 3336 504 3398 (55.
523 3337 582 3380 Tot
601 3329 717 3391 ΑλἽὈΪ.)

192 3479 242 3546 di<
253 3477 352 3546 πιέειν,
367 3474 410 3532 ἵνα
427 3473 531 3552 Βάκχος
546 3468 734 3528 ἄποσκεδάσειε
752 3467 893 3547 μερίμνας,

234 3567 272 3648 ἂψ
285 3562 482 3642 ἀναθερμαίνων
497 3557 649 3640 ψυχομένην
661 3559 782 3635 κραδίην.

485 3710 530 3760 56.
550 3711 689 3757 ΑΔΗΔΟΝ.

197 3841 259 3900 ΙΙῖνε
274 3838 320 3898 καὶ
335 3836 489 3918 εὐφραίνου·
503 3833 528 3892 τί
542 3832 592 3913 γάρ
608 3831 706 3910 αὔριον,
718 3830 735 3900 ἢ
749 3829 775 3888 τί
787 3829 816 3887 τὸ
831 3828 938 3902 με’λλον.

460 4024 499 4069 50.
516 4035 711 4067 nuronsnosrrs.

193 4127 306 4195 Quisquis
318 4125 343 4176 in
355 4141 402 4175 aere
414 4139 457 4172 sno
467 4131 516 4182 est,
528 4121 647 4187 prinlum,
659 4119 798 4183 resjudico,
810 4115 879 4173 ielis,

226 4213 297 4262 Alter
306 4210 337 4260 ab
350 4209 396 4258 hoc
407 4206 509 4262 coelcbs,
527 4204 613 4254 tertius
623 4203 697 4253 orbus
712 4205 768 4250 erit.

193 4297 297 4347 Duxerit
306 4308 407 4344 uxorem
418 4291 438 4340 si
453 4291 574 4357 quiscum
588 4289 663 4348 dole,
680 4287 780 4349 beatus,

228 4385 297 4434 liinm
310 4381 329 4428 si
341 4379 435 4429 tumulo
448 4377 551 4436 condat,
567 4383 591 4423 et
600 4373 663 4424 hanc
676 4384 765 4424 teneat.

195 4471 251 4516 Hice
260 4473 295 4513 sat
309 4464 329 4512 si
337 4462 432 4521 scieris,
444 4460 538 4526 sapiens
552 4457 598 4506 eris
616 4472 622 4506 :
637 4466 673 4505 ast
685 4456 813 4522 Epicurum

228 4553 264 4596 'l'n
278 4549 345 4608 sine,
357 4545 400 4594 ubi
414 4559 533 4603 racuunr,
546 4556 668 4606 quaerere,
680 4539 739 4607 quid
749 4542 872 4590 monades.

503 4651 544 4697 51.
563 4663 675 4697 ιιιοειιτι.

196 4758 270 4803 Utere
284 4751 344 4800 ssorc
356 4760 398 4800 tuo
415 4767 422 4801 ε
436 4761 542 4813 namque
554 4757 610 4796 aetus
624 4746 741 4813 praeterit.
755 4746 842 4795 liicdus

228 4838 277 4900 Qui
287 4835 347 4896 init,
358 4834 413 4896 hic,
425 4843 492 4883 cestus
507 4841 628 4890 transeat,
643 4831 724 4881 hircus
736 4831 793 4880 erit.

505 4943 546 4994 52.
565 4958 679 4990 incsnrr.

196 5047 330 5113 virgineis,
346 5045 510 5110 Thrasybulo,
521 5045 597 5111 plagis
611 5043 707 5093 innisus
720 5043 834 5103 unirelns,

232 5129 331 5179 insieco
344 5127 420 5194 qualis
432 5126 513 5175 liltore
524 5127 610 5191 quierit
623 5141 695 5191 aquus

197 5219 328 5279 AEquoreus
336 5208 453 5275 Delphin.
466 5211 567 5257 Resecet
577 5224 621 5256 nec
635 5213 731 5256 Perseos
744 5207 820 5272 iinrpe

230 5296 356 5364 Captivum
367 5311 419 5361 quie
432 5303 455 5342 te
467 5293 566 5342 subdola
581 5291 619 5340 sile
630 5301 719 5340 tenent.

1059 2103 1150 2158 scilicit
1159 2099 1327 2165 dirumpendo
1339 2100 1399 2160 reti,
1412 2112 1464 2162 quo
1476 2096 1623 2163 rigetus-es.

1316 2239 1356 2284 53.
1380 2243 1520 2284 incant.

1023 2381 1087 2428 ltosa
1101 2377 1173 2426 tlorct
1187 2388 1349 2440 per-parrum
1363 2376 1475 2436 tempus3
1489 2372 1512 2421 εἰ
1524 2385 1582 2421 vcro
1594 2369 1737 2428 transierit,

994 2439 999 2497 ί
1053 2478 1166 2528 qnaerens
1181 2463 1290 2513 invenies
1300 2476 1347 2512 non
1361 2473 1452 2521 rosam,
1463 2459 1507 2510 sed
1518 2459 1621 2522 spinam.

1310 2607 1348 2652 lili.
1365 2603 1525 2652 inlusum.

1024 2753 1142 2801 vetulum
1158 2765 1197 2798 nie
1213 2748 1329 2798 mulieres
1339 2747 1492 2806 cavillantur,
1501 2745 1616 2807 jubentes
1628 2759 1673 2795 ιιιτ

984 2849 987 2854 ·
1054 2841 1078 2889 in
1092 2839 1191 2902 speculo
1200 2851 1299 2886 cernere
1311 2835 1427 2899 reliquias
1439 2835 1526 2884 calatis.

999 2963 1001 3002 ,
1023 2928 1071 2978 Sed
1085 2941 1130 2992 ego
1140 2931 1223 2976 utrum
1233 2926 1303 2976 albos
1316 2925 1393 2976 leram
1406 2924 1520 2988 capillos,
1535 2937 1564 2973 an
1579 2923 1678 2988 nigros.

1054 3016 1087 3067 nil
1099 3030 1190 3076 moror,
1201 3015 1260 3065 ritca
1273 3013 1305 3063 ad
1319 3014 1393 3062 tinem
1406 3011 1530 3076 gradiens.

1022 3104 1233 3156 Suareolentibus
1255 3107 1339 3175 aulem
1352 3101 1483 3165 unguentis
1501 3105 1526 3152 et
1538 3102 1809 3166 palcina-habffllltns·

1055 3198 1080 3244 el
1092 3195 1180 3244 Libero
1191 3193 1262 3242 deleo
1273 3205 1347 3241 curas
1360 3192 1484 3242 molestas.
1637 3191 1705 3256 [lolia
1718 3196 1809 3245 oomn'u

1000 3367 1003 3402 ,
1300 3334 1349 3398 (ss.
1375 3323 1535 3402 siosnsu.)

1026 3469 1060 3514 Da
1073 3467 1173 3527 potum,
1191 3465 1221 3512 ut
1234 3461 1347 3512 Bacclins
1358 3462 1481 3526 dispergat
1493 3461 1693 3522 sollicitudines,

1000 3571 1003 3676 γ
1055 3552 1136 3602 denuo
1150 3549 1306 3600 corallacicns
1319 3549 1452 3614 frigescens
1465 3553 1559 3613 pectus.

1000 3693 1004 3757 l

1001 3767 1003 3802 ι

1316 3702 1354 3744 56.
1378 3702 1516 3744 lucenti.

1001 3831 1004 3880 ἱ
1031 3837 1089 3883 liuto
1101 3837 1126 3883 ct
1138 3832 1218 3896 gaude
1235 3830 1315 3893 :quid
1330 3831 1394 3880 enini
1409 3833 1440 3880 sit
1454 3843 1516 3888 cras,
1527 3830 1638 3891 autquid
1654 3833 1782 3890 loturum,

1341 3995 1382 4042 53.
1401 4009 1512 4040 rncsnrr·

1027 4097 1116 4161 lixiguo
1128 4095 1199 4145 lieret
1214 4110 1266 4144 rosa
1280 4102 1408 4166 tempore:
1422 4102 1547 4158 pretereat
1559 4109 1610 4152 rer,

1059 4179 1122 4238 illa,
1139 4177 1184 4226 tibi
1198 4176 1276 4226 luerat
1286 4191 1339 4242 qum
1347 4191 1400 4225 rosa
1408 4212 1417 4236 ,
1431 4174 1506 4223 sentis
1518 4177 1574 4226 erit.

1326 4288 1368 4343 54.
1386 4302 1512 4335 erumna.

978 4451 982 4456 Ι
1023 4387 1095 4440 Ridet
1107 4403 1145 4435 me
1159 4386 1264 4436 vetulum
1281 4385 1405 4434 muliebris
1417 4385 1496 4442 turba,
1507 4384 1625 4450 jubetque

1059 4472 1087 4516 ln
1098 4467 1195 4532 speculo
1208 4466 1262 4517 siloe
1276 4483 1375 4516 oernerc
1387 4468 1450 4532 qnod
1464 4467 1583 4531 reliquum
1598 4477 1643 4517 est.

1026 4555 1070 4599 Ast
1081 4565 1138 4614 ego,
1155 4548 1277 4614 nigranles
1287 4548 1346 4597 mitri
1361 4548 1410 4598 sint
1422 4548 1505 4598 albine
1515 4549 1613 4614 mpilli,

1059 4634 1100 4684 Nil
1112 4649 1204 4697 moror,
1218 4633 1247 4682 nd
1263 4642 1349 4681 nietam
1362 4634 1400 4680 cui
1411 4649 1487 4698 prope
1497 4633 1547 4681 cira
1557 4633 1624 4682 senii
1639 4649 1646 4683 ;

1025 4719 1071 4768 Sed
1086 4721 1183 4767 licentio
1194 4716 1312 4781 sertisque
1325 4715 1457 4766 uirentibus
1469 4733 1498 4765 ac
1510 4717 1572 4766 bene
1584 4718 1663 4768 olenti

1060 4804 1187 4866 Unguento
1202 4815 1271 4848 curas
1282 4799 1373 4865 pellere
1384 4813 1442 4847 cura
1451 4797 1521 4850 mihi.

1325 4915 1366 4964 5⁵.
1385 4929 1502 4962 ειυεοεκ.

1026 5017 1062 5061 Da
1074 5011 1133 5060 milii
1143 5013 1207 5077 qnod
1220 5021 1309 5077 potem.
1323 5014 1441 5062 Casurum
1454 5011 1523 5060 taedia
1537 5009 1647 5060 Baeclius

1059 5095 1136 5159 (Quis
1146 5103 1213 5160 putet
1223 5092 1268 5143 hoc
1279 5095 1304 5157 l)
1320 5095 1395 5143 vitrea
1407 5093 1516 5157 laurigero
1527 5093 1572 5142 seit
1587 5093 1680 5160 phiala.

1337 5193 1377 5240 56.
1396 5208 1507 5241 ιιιςιιιτε.

1028 5295 1063 5342 Ne
1075 5303 1151 5360 satage
1165 5303 1188 5342 cl
1198 5293 1269 5348 sude,
1282 5293 1322 5342 sed
1333 5293 1425 5357 gaude,
1438 5293 1478 5342 sed
1493 5292 1551 5342 bibe
1568 5309 1574 5321 ·
1590 5297 1670 5345 nescii
