3860 5920
6 9 356 189 '-

549 458 675 522 CAPUT
694 459 771 520 xvi.
800 459 993 521 APPENDIX
1016 459 1233 520 PLANUDEA.

132 591 215 654 ἐνθάδ’
233 591 403 653 Ἀναστάσιον
414 590 534 668 κείμενον
547 581 625 657 oddo<
639 591 713 670 ἔχει,

89 683 116 748 θς
126 681 234 748 τόσσους
249 678 394 750 ἀνεδήσατο
406 679 468 760 πρὶν
484 679 641 760 στεφάνους,
660 677 710 736 ὅσα
723 679 798 738 ἄλλοι

129 769 238 850 ἔδρακον
253 767 366 848 ἡνιόχων
375 767 467 844 ἤματα
479 765 619 838 ἱππασίης.

235 909 291 960 880.
309 908 349 963 Ei<
364 905 509 970 Πορρύριον,
523 907 605 968 μέρους
619 906 730 954 θενέτων.

130 1038 176 1098 Ἐν
191 1042 226 1118 γῇ
240 1038 375 1119 κρατήσας
387 1038 483 1106 παντὸς
505 1037 693 1120 ἁρματηλάται

129 1127 216 1194 καλῶς
225 1127 327 1207 ἐπήρθη
341 1126 387 1186 καί
401 1125 465 1207 πρὸς
482 1127 572 1206 αίθέρα
584 1127 688 1207 τρέχειν

133 1213 301 1296 Πορρθριος,
315 1215 345 1274 rh
359 1219 447 1291 θαῦμα
465 1215 549 1289 δήμου
563 1216 690 1275 Βενέτων.

132 1301 220 1360 Νεκῶν
232 1298 283 1380 γάρ
295 1291 368 1368 οὗτος
383 1301 469 1360 πάντα
483 1305 531 1378 γῆς
546 1300 721 1382 διφρηλάτην,

131 1389 239 1465 άνειαιν,
250 1392 285 1456 ὡς
296 1388 327 1446 ἂν
338 1389 383 1447 καί
401 1387 448 1446 σὺν
465 1387 640 1470 ἡλίῳδροίμη.

392 1526 455 1578 381.
474 1528 571 1576 Anno.

133 1645 233 1706 Ὶουλον
250 1649 333 1707 άνθῶν
351 1641 540 1729 opitulatio<
554 1650 631 1723 ἡνίας

134 1736 287 1817 Πορρθριος
304 1738 461 1817 Κάλχαντος
474 1729 544 1798 εἷλκε
559 1737 681 1800 Βενέτου.

133 1821 336 1900 Ἐκπλήττομαι
351 1825 378 1882 δὲ
393 1828 448 1891 πῶς
462 1824 557 1907 γράρει
571 1827 631 1907 χείρ
646 1825 772 1903 ἐμπνόους

132 1912 225 1972 τοότου
239 1935 277 1978 τις
289 1911 396 1978 ίππους.
416 1912 470 1972 Καὶ
483 1913 534 1994 γάρ
550 1913 581 1972 ἂν
596 1913 683 1992 πλήξῃ
696 1913 790 1990 πάλιν,

132 1988 225 2076 οἶμαι,
243 2003 384 2081 δραμεῖται
397 2002 467 2068 νῖκος
481 2004 566 2081 εὑρεῖν
580 2001 627 2060 καὶ
641 2003 734 2060 πάλιν.

219 2143 272 2190 382.
291 2141 331 2197 Εῖς
342 2142 489 2205 Φαυστῐνον,
504 2143 587 2205 μέρους
604 2143 737 2208 Πρασὶνων.

135 2261 236 2322 Σκόπει
249 2262 280 2321 τὸ
295 2263 383 2340 δρᾶμα
396 2271 583 2343 μηχανουργοθ
596 2269 641 2322 τοῦ
655 2263 746 2342 δόμου·

135 2350 158 2407 εἰ
172 2349 210 2426 μὴ
225 2350 276 2431 γάρ
288 2348 432 2429 ἐστέγαστο
448 2359 565 2432 καρτερᾷ
578 2349 683 2429 σκέπη,

134 2438 199 2520 πρὸς
212 2439 334 2518 οὐρανοὺς
345 2438 378 2499 θεν
393 2430 461 2519 ὦρτο
473 2443 623 2506 Φαυστῐνος
636 2439 736 2519 τρέχων

133 2531 168 2594 ὡς
179 2530 230 2597 ζῶν
242 2528 288 2588 σὺν
302 2525 413 2608 ῖπποις,
433 2529 463 2589 τὸ
477 2529 552 2595 κλέος
566 2529 627 2606 πρὶν
642 2527 791 2606 Πρασίνων.

135 2607 212 2698 Ἆρον
225 2617 315 2697 στέγος
328 2616 391 2701 γάρ,
405 2617 451 2678 καί
466 2618 558 2699 φθάνει
572 2617 636 2697 πρὸς
652 2616 753 2696 αἰθέρα.

396 2759 459 2813 383.
480 2764 575 2810 ΔΛΔΟ.

137 2889 287 2954 Φαυστῖνος
301 2877 390 2959 οὗτος,
403 2891 416 2946 θ
431 2888 491 2966 πρὶν
508 2885 718 2966 ἁρματηλάτης,

135 2975 164 3036 θν
180 2977 360 3055 δῆμος·εθρὼν
374 2981 420 3034 τοῦ
435 2973 530 3056 μέρους
541 2977 593 3034 τῶν
609 2975 752 3052 Πρασίνων

135 3063 185 3135 τὴν
199 3056 282 3136 ἧτταν
296 3064 411 3141 ἠγνόησε
422 3066 557 3129 παντελῶς
571 3061 669 3140 δρόμῳ.

136 3151 225 3231 Γέρων
240 3151 287 3228 μὲν
304 3144 336 3223 ἦν
351 3150 412 3232 γάρ,
432 3154 467 3216 ὡς
483 3149 597 3230 βλέπεις·
617 3147 647 3207 τὸ
662 3148 690 3208 δὲ
704 3147 791 3213 σθένος

135 3231 170 3310 ἦν
185 3263 224 3306 τις
240 3240 356 3313 νεάζων,
372 3238 427 3299 οὐδ’
437 3237 502 3305 ὅλως
513 3235 672 3314 ἡττημένος.

223 3375 278 3422 384.
296 3373 337 3429 Είς
351 3374 531 3422 Κωναταντῖνον
540 3370 636 3434 ἡνίοχον
647 3372 754 3419 Λευιτῶν.

137 3498 239 3554 Δευκοῦ
256 3495 389 3571 μεθέλκων
403 3494 481 3566 ἡνίας
501 3490 715 3562 Κωνσταντίνος,

137 3581 170 3642 dv
185 3585 223 3659 μὴ
239 3589 379 3662 καθεῖρκτο
393 3582 546 3664 στερρότητι
559 3587 605 3641 τοῦ
621 3581 720 3654 δόμου,

136 3673 197 3739 τοὺς
210 3675 278 3752 τρεῖς
294 3673 380 3740 ἐνίκα,
397 3676 500 3752 πρῶτος
518 3671 608 3740 αἰθέρα
625 3669 738 3750 φθάνων.

130 3899 257 3946 Ειεπαιιια
269 3893 313 3944 suh
325 3893 401 3942 humo
414 3891 506 3942 dormit
519 3892 668 3941 Anastasius.

89 3977 146 4040 Qui
159 3985 197 4026 tot
210 3974 285 4025 λεαίνει
294 3974 341 4025 sibi
350 3984 423 4036 serta,
436 3982 497 4040 quot
508 3974 533 4023 in
546 3971 678 4024 certamine
693 3970 757 4023 Circi

130 4059 228 4125 aurigis
236 4059 290 4108 aliis
305 4057 445 4126 praeteriere
460 4056 520 4108 dics.

248 4189 306 4237 tto.
319 4192 357 4238 De
374 4185 522 4256 Porphyrius
533 4185 613 4253 partis
629 4187 735 4234 Venetoe.

132 4324 161 4368 ln
176 4317 237 4368 orbe
246 4326 317 4367 terras
329 4317 387 4367 vicit
399 4317 493 4382 aurigas
504 4314 582 4382 prius.

130 4405 160 4451 ln
171 4400 231 4450 orbe
245 4400 299 4450 coeli
312 4415 376 4449 nuuc
386 4399 406 4449 it
417 4398 482 4447 idem
491 4413 591 4448 currere

131 4481 291 4548 Porphyrius,
304 4481 387 4546 ingens
398 4480 498 4546 agminis
511 4478 600 4528 Veneti
610 4478 693 4528 ductas.

132 4566 181 4616 liic
192 4564 293 4632 quippe,
307 4564 402 4615 nullum
414 4573 469 4613 cum
482 4561 528 4612 sibi
541 4562 646 4612 inveniat
661 4577 759 4628 parom,

132 4647 232 4715 agitare
244 4649 322 4715 pergit
337 4646 447 4716 proxime
459 4646 517 4696 solis
531 4654 608 4700 rotas.

386 4781 444 4830 381.
460 4783 497 4827 De
510 4776 601 4828 eodeni.

133 4909 266 4962 Calchavtte
276 4913 372 4960 Veneto
384 4917 452 4976 patre
461 4909 606 4978 Porphyrius
617 4921 682 4960 satus

133 4997 172 5044 En
188 4993 255 5043 trena
267 4991 345 5056 rexit,
362 4991 424 5042 tiore
438 4995 478 5043 vix
496 4994 610 5044 umbrans
624 5011 703 5060 genas.

134 5075 233 5142 spirare
244 5075 322 5126 miror
329 5089 369 5124 ars
380 5091 453 5141 equos
461 5084 488 5125 ut
499 5075 595 5132 lecerit,

135 5164 204 5224 Quos
216 5159 268 5228 ipsc
274 5158 377 5225 flagrosi
389 5160 462 5210 semel
475 5160 629 5226 percusserit,

135 5245 170 5294 Ut
183 5250 251 5306 anta,
261 5242 346 5304 credo,
361 5251 443 5294 nutet
455 5243 485 5292 ad
498 5241 636 5294 victoriam.

946 573 1157 654 steintunam
1168 599 1291 662 taonem
1305 599 1378 650 ortu
1391 599 1479 658 naues.

916 689 960 753 qui
971 691 1008 739 tui
1021 687 1098 738 cinxit
1105 687 1175 752 prius
1184 701 1298 751 coronas,
1308 689 1370 751 quot
1379 688 1421 738 alii

949 775 1063 826 viderunt
1072 775 1214 840 aurigarum
1224 774 1277 825 dies
1290 773 1456 838 equitationis.

1014 927 1066 973 ssu.
1083 927 1110 970 in
1124 924 1287 982 Porphyrium.
1303 935 1315 969 ε
1330 924 1432 980 partibus
1447 927 1594 970 tenatorum.

918 1049 946 1096 ln
955 1047 1043 1099 tellure
1053 1046 1431 1111 postquam-superavitumnem
1446 1050 1670 1100 currus-rectorem

918 1133 1019 1197 pulchre
1030 1136 1186 1185 evectus-est
1198 1133 1314 1185 etiamad
1327 1133 1420 1185 aethera
1431 1137 1559 1185 ut-currat

919 1220 1084 1287 Porphyrius,
1096 1221 1243 1272 miraculum
1255 1222 1338 1284 populi
1349 1224 1510 1273 Venetorum.

919 1309 1027 1360 Vincens
1038 1309 1103 1361 euim
1114 1309 1155 1360 hic
1163 1322 1261 1360 omnem
1267 1312 1340 1361 terrae
1349 1313 1568 1362 currus-rectorum

919 1396 1058 1460 sursum-it,
1068 1400 1098 1449 ut
1106 1400 1132 1449 et
1145 1410 1203 1447 cum
1213 1397 1266 1448 sola
1277 1400 1372 1450 currat.

1218 1531 1272 1580 881.
1294 1541 1401 1583 attuli.

921 1665 1143 1729 municionem
1156 1663 1262 1729 primum
1275 1663 1317 1715 hic
1329 1663 1437 1715 habenas

921 1751 1070 1817 Porphyrius
1084 1751 1307 1816 Calchantisytlius
1321 1752 1435 1802 tractavit
1448 1752 1535 1804 Veneti
1542 1753 1648 1817 populi.

920 1844 1011 1905 stupor
1022 1854 1083 1892 vero
1093 1844 1161 1892 tenet
1173 1854 1225 1901 me,
1236 1841 1361 1904 quomodo
1376 1840 1469 1891 scribam
1480 1853 1567 1892 manus
1583 1843 1706 1906 spirantes

921 1929 996 1993 liujus
1004 1943 1082 1992 equos
1093 1929 1182 1992 aliqua.
1195 1930 1291 1979 Etenim
1303 1928 1324 1978 si
1338 1929 1506 1978 verberaverit
1518 1943 1613 1993 rursus,

920 2017 1014 2080 opinor,
1027 2019 1118 2076 curret,
1130 2015 1259 2066 victoriam
1271 2015 1417 2066 ut·inveniat
1429 2017 1502 2066 etium
1512 2030 1606 2068 rursus.

1044 2139 1094 2182 ³82.
1105 2141 1131 2182 in
1138 2138 1278 2190 ransunun,
1287 2148 1299 2182 ε
1308 2137 1412 2194 partibus
1424 2138 1582 2182 Prasinorum.

922 2250 1026 2314 Adspice
1034 2264 1097 2314 opus
1110 2248 1237 2300 architecti
1249 2250 1323 2311 liuius
1335 2249 1426 2301 domic
1439 2264 1445 2293 =

925 2338 971 2388 nisi
982 2338 1047 2390 enin
1058 2341 1125 2388 tecta
1134 2339 1201 2388 essct
1213 2336 1292 2387 solido
1300 2337 1425 2401 operatio,

921 2425 953 2475 nd
967 2425 1042 2476 colos
1056 2425 1246 2476 sublatus-esset
1256 2424 1386 2476 Fauadnus
1399 2438 1511 2485 currens,

922 2518 1039 2577 tanquam
1050 2513 1135 2564 rivaus
1146 2525 1203 2562 cum
1213 2511 1291 2574 aquis,
1305 2510 1383 2564 decus
1391 2513 1450 2563 olim
1460 2513 1629 2564 Prasinomm.

922 2600 990 2652 t'ollc
999 2601 1064 2652 euim
1073 2603 1177 2662 tactam,
1190 2602 1216 2648 et
1226 2598 1271 2648 ille
1283 2600 1457 2652 statimcurrit
1476 2601 1507 2651 ad
1516 2601 1619 2652 etliara.

1221 2756 1276 2804 38³.
1296 2759 1405 2802 attuit.

924 2885 1056 2938 Faustinus
1069 2885 1110 2937 bic
1121 2889 1173 2950 est,
1189 2887 1248 2938 olim
1263 2885 1332 2950 prius
1345 2886 1541 2943 currito-rector,

924 2989 999 3039 quem
1008 2975 1117 3041 populus
1128 2979 1218 3027 nactus
1234 2975 1340 3040 partium
1351 2973 1492 3023 Prasinoru.

924 3062 1019 3114 cladem
1031 3062 1151 3114 dedidicit
1162 3063 1260 3114 omnino
1272 3075 1358 3113 cursu.

924 3155 1001 3202 Ξεαοα
1008 3149 1073 3200 enim
1084 3152 1138 3202 erat
1149 3150 1259 3213 quidem,
1267 3153 1296 3200 ut
1305 3146 1391 3208 vides;
1404 3146 1559 3198 roborarem
1610 3149 1707 3212 [iturus.

924 3241 979 3288 erat
990 3250 1054 3288 uuus
1073 3237 1286 3302 norum-juventu,
1299 3249 1346 3287 nec
1360 3234 1611 3298 quidquam-omnino
1625 3235 1706 3285 immi-

1035 3376 1087 3420 iat.
1098 3373 1126 3418 ln
1135 3373 1311 3421 constantinum
1322 3372 1422 3428 auriam
1431 3371 1594 3416 candidorum.

925 3489 1042 3542 candidae
1050 3486 1178 3556 sectionis
1184 3471 1500 3550 iri-vanaspartssmnsus
1511 3485 1579 3534 trena
1588 3485 1707 3534 constan·

926 3581 947 3631 si
959 3592 1008 3630 uon
1020 3577 1178 3629 cohiberetur
1187 3573 1313 3626 soliditate
1323 3574 1383 3626 tecti
1397 3572 1480 3637 huJus,
1616 3569 1709 3636 [tinus.

926 3675 977 3719 tres
989 3667 1044 3718 illos
1054 3665 1177 3723 vinceret,
1191 3663 1285 3727 primus
1298 3661 1451 3712 in-aethercm
1462 3661 1570 3711 evolans.

1072 3879 1131 3927 382.
1149 3875 1323 3937 Danustino,
1334 3875 1414 3944 partis
1431 3875 1550 3926 Prusinoe.

940 3985 945 3996 '
962 3979 1088 4030 Mirandus
1099 3975 1159 4025 artis
1170 3973 1233 4026 hauc
1244 3974 1344 4024 domum
1357 3974 1445 4024 stmsit
1457 3973 1539 4038 θάλπη

960 4063 1012 4114 Nisi
1022 4063 1064 4111 illa
1077 4060 1146 4110 firma
1156 4067 1219 4109 tecta
1231 4057 1324 4107 iecisset
1336 4073 1423 4123 super,

960 4145 1088 4197 Faustinus
1098 4159 1166 4193 arcas
1174 4156 1253 4208 usque
1271 4139 1404 4190 veheretur
1417 4139 1487 4206 poli:

959 4229 999 4279 stc
1010 4228 1077 4294 ipse,
1088 4223 1213 4276 Prasinvim
1224 4223 1299 4279 lama,
1315 4221 1352 4272 sic
1362 4221 1447 4272 vivunt
1460 4220 1528 4287 equi.

959 4310 1063 4361 Auferte
1075 4307 1182 4368 culmen,
1192 4305 1242 4371 jam
1261 4313 1325 4354 teret
1338 4304 1393 4354 coeli
1405 4304 1463 4356 vias.

1213 4415 1271 4464 383.
1287 4417 1325 4463 Dc
1338 4411 1429 4463 codem.

961 4529 1087 4579 Faustinus
1100 4527 1144 4577 iste
1156 4541 1263 4576 summus
1276 4524 1378 4591 agitator
1391 4523 1447 4586 tuit,

961 4615 1040 4674 Quem
1050 4618 1121 4659 nacta
1130 4624 1168 4658 res
1175 4623 1232 4673 gem
1241 4608 1338 4658 Prasina
1351 4617 1482 4657 sectantem
1494 4621 1547 4656 suas

963 4695 1093 4760 Nunquam
1107 4701 1208 4759 reperta
1216 4701 1254 4741 est
1267 4691 1354 4741 aemulo
1365 4691 1391 4740 in
1402 4706 1473 4741 cursu
1485 4690 1573 4744 minor.

964 4781 1042 4828 AEtate
1053 4774 1152 4835 senior,
1164 4782 1193 4824 ut
1203 4773 1279 4838 vides,
1291 4774 1332 4823 sed
1343 4773 1433 4823 viribus

965 4861 980 4910 J
982 4857 1078 4908 utenile
1088 4855 1178 4906 ilorens
1185 4893 1193 4918 ‚
1200 4856 1294 4906 nescius
1305 4856 1367 4905 vinci
1378 4855 1431 4904 iuit.

1038 4977 1096 5031 384.
1114 4978 1150 5023 Da
1163 4974 1337 5034 Constantino,
1352 4973 1440 5040 urtrigu
1455 4970 1606 5021 Albularum.

967 5075 1014 5126 llic
1023 5076 1090 5126 irena
1102 5075 1272 5126 Constantinus
1281 5074 1356 5125 albati
1369 5074 1445 5139 gregis

964 5162 1098 5219 Praetaui,
1113 5157 1158 5208 nisi
1169 5159 1213 5208 ista
1225 5157 1393 5208 contineretur
1403 5157 1495 5217 domo,

967 5241 1003 5292 Ad
1013 5241 1061 5292 alta
1071 5239 1124 5292 culi
1134 5242 1263 5309 provolans
1274 5251 1322 5292 tres
1333 5243 1452 5298 vinceret,
