3878 5912
248 377 287 434 ll
810 387 1065 450 ANTHOLOGIAE
1087 390 1289 451 PALATlNAE

205 540 218 577 p
246 508 358 584 δαίμονα
374 513 397 568 θ’
411 511 532 582 ἀλλήλοιν
547 517 707 594 ἠμείψαμεν·
722 523 738 590 ἡ
755 518 801 594 μὲν
819 520 917 579 ἐκείνου

284 599 355 679 χθὼν
369 600 430 677 ε’μὲ,
444 601 487 660 τὸν
501 603 523 660 θ’
538 603 589 662 ἀπὸ
603 607 650 682 γῆς
662 603 754 664 ἔκτανε
768 609 864 682 τούμὸν
880 610 960 689 ὕδωρ.

493 759 559 808 223.
582 751 786 813 ΒΙΛΝΟΡΟΣ.

245 888 379 968 Ἀγγελίην
391 889 446 969 πίερ
461 891 545 963 Ζηνὸς
556 893 613 954 ἐπεὶ
630 894 705 974 φέρεν
722 895 857 972 ἠεροδίνης

286 977 388 1050 αἰετὸς,
402 983 499 1038 οἰωνῶν
513 985 608 1056 μοῦνος
620 982 775 1060 ἐνουροίνιος,

244 1067 290 1124 οὐκ
302 1065 367 1146 ἔφθη
383 1066 426 1124 τὸν
438 1069 542 1146 Κρῆτα·
558 1069 620 1140 θοὴν
633 1070 655 1127 δ’
668 1069 817 1131 ἐπετείνατο
831 1072 935 1151 νευρὴν,

282 1155 380 1225 πτηνὸν
395 1157 418 1212 δ’
432 1156 574 1238 θπτερόεις
585 1159 621 1223 ἷθς
638 1155 785 1230 ἐλεηίσατο.

243 1244 327 1316 Ζηνὸς
342 1245 364 1302 θ’
381 1244 436 1304 οὔτι
451 1247 534 1319 Δίκην
547 1247 638 1305 ἔλαθεν
656 1248 741 1324 μόνος·
755 1248 853 1323 ἔμπεσε
870 1249 892 1308 θ’
906 1250 975 1329 ὅρνις

283 1333 376 1413 ἀνδρί,
391 1334 424 1392 τὰ
440 1333 464 1392 θ’
486 1335 623 1414 εὐστοχίης
638 1335 796 1396 ἄνταπέτισε
809 1340 885 1415 βέλη.

243 1425 340 1502 Λύχένι
354 1425 377 1482 δ’
389 1426 428 1485 ἰὸν
440 1423 550 1498 ἔπηξεν,
562 1423 590 1484 θν
605 1423 689 1496 ἥπατι
704 1424 822 1500 κοίμισεν
840 1427 924 1493 αὐτός·

283 1511 310 1568 ἓν
323 1511 350 1571 δὲ
365 1512 440 1592 βέλος
455 1515 551 1572 δισσῶν
564 1504 622 1591 αἷμ’
634 1512 705 1572 ἔπιεν
718 1513 848 1575 θανάτων.

455 1665 526 1716 224.
549 1656 805 1718 ΚΡΙΝΑΓΟΡΟΥ.

241 1787 310 1875 Αίγά
324 1819 357 1872 με
370 1795 417 1869 τὴν
429 1796 547 1868 εὔθηλον,
562 1797 630 1857 ὅσων
644 1798 767 1858 ἐκένωσεν
783 1803 910 1878 ἀμολγεῦς

280 1883 378 1943 οῦθατα
389 1885 500 1945 πασοίων
513 1890 810 1966 πουλυγαλακτοτάτην,

240 1974 418 2051 γευσάμενος,
432 1974 552 2049 μελιηθὲς
564 1975 622 2034 ἐπεί
634 1979 658 2033 τ’
673 1976 826 2057 ἐφράσσατο
835 1987 901 2056 πῖαρ

282 2065 401 2143 Καῖσαρ,
417 2065 466 2134 κήν
481 2062 573 2135 νηυσὶν
584 2063 720 2141 σθμπλοον
735 2067 887 2144 εἰργάσατο.

239 2149 315 2220 Ἥξω
329 2151 352 2208 δ’
361 2151 456 2211 αὐτίκα
468 2174 518 2210 που
533 2153 578 2211 καί
591 2155 615 2220 ἐς
626 2155 745 2235 οίστίρας·
764 2147 847 2236 ᾧγίιρ
860 2157 972 2238 ἐπέσχον

280 2239 362 2315 μαζὸν
372 2240 451 2318 ἐμὸν,
464 2240 545 2318 μείων
558 2243 611 2300 οὐδ’
625 2239 685 2301 ὅσον
702 2244 839 2323 Αίγιόχον.

480 2399 548 2450 225.
571 2390 760 2454 ΟΝΕΣἹῸΥ.

239 2535 352 2602 Ἀσωπλς
366 2534 449 2612 κρήνη
468 2535 513 2592 καί
524 2532 664 2610 Πηγασὶς,
683 2531 757 2592 ὕδατ’
773 2533 890 2614 ἀδελρίι,

278 2621 360 2681 ίππου
375 2621 420 2681 καί
432 2628 552 2698 ποταμοῦ
564 2621 635 2700 δῶρα
648 2621 822 2701 ποδορῤαγέα·

237 2713 280 2792 χώ
291 2713 338 2790 μὲν
351 2712 425 2793 ἔκοψ’
435 2711 591 2784 Ἑλικῶνος,
606 2715 621 2769 θ
633 2711 661 2769 δὲ
675 2710 775 2790 ρλέῦας
786 2710 982 2790 Ἀκροκορίνθου

278 2800 380 2876 ίπληξὶ
396 2798 435 2860 Ὦ
451 2795 566 2878 πτέρνης
578 2801 614 2866 εἰς
625 2797 682 2858 ίσον
695 2797 834 2876 ιθστοχίηί

409 2954 477 3004 ‘226-
498 2943 599 3004 ΖΩΝΑ
621 2943 851 3003 ΣΑΡΔΙΑΝΟΥ.

236 3087 274 3145 Αἰ
287 3087 310 3144 δ’
322 3087 398 3165 ἄγετε
411 3084 499 3154 ξουθαὶ
515 3082 670 3159 σιμθληίδες
682 3084 751 3162 ἄκρα
765 3083 889 3160 μέλισσαι

276 3174 397 3258 ρέρῦεσθ
411 3174 428 3245 ἢ
444 3177 456 3202 ¹
471 3173 573 3251 θυμέων
589 3172 663 3255 ῥικνὰ
675 3174 840 3251 aspirata,

236 3262 254 3333 ἢ
270 3262 385 3328 πετᾶλας
400 3263 534 3338 μοίκωνος,
549 3261 566 3334 ἢ
580 3261 764 3342 israelitam
776 3265 864 3342 ρῶγα,

277 3353 295 3422 ἢ
309 3351 362 3425 ἴον,
376 3351 393 3423 ἢ
409 3353 500 3428 μάλων
512 3357 590 3431 χνοῦν
608 3349 801 3429 ἐπικαρπίδιον·

237 3438 322 3499 ποίντα
338 3440 534 3518 περικνίξασθε,
548 3439 594 3498 καί
611 3440 694 3518 ἄγγεα
706 3439 878 3518 κηρώσασθε,

277 3527 344 3609 eppa
359 3528 528 3606 μελισσοσθος
545 3527 603 3589 [lira
617 3527 782 3610 ἐπικυψέλιος

237 3616 364 3696 γεύσηται
377 3618 406 3677 τὸ
419 3619 466 3694 μὲν
483 3619 577 3690 αὐτὸς,
594 3622 608 3675 ὁ
622 3617 650 3676 δὲ
669 3617 818 3697 βλιστηρίδι
831 3617 901 3697 χειρί

276 3705 417 3773 καπνῶσας
433 3706 511 3784 βαιὴν
525 3705 611 3782 κῦμμι
629 3706 694 3785 λίπῃ
715 3707 819 3787 μερίδα.

235 3931 341 3980 Mutavit
354 3929 450 3979 fortuna
463 3929 526 3979 vices
534 3967 543 3993 ,
554 3944 657 3994 meaque
667 3929 750 3979 attulit
765 3930 800 3979 illi

269 4015 354 4075 Unda,
365 4012 424 4063 mihi
439 4012 523 4077 tellus,
536 4029 574 4063 res
586 4013 681 4075 aliena,
694 4030 787 4064 necem.

475 4231 477 4236 ,
535 4180 592 4229 223.
606 4195 727 4229 nranoms.

237 4334 322 4386 Nescio
338 4349 395 4398 que
409 4335 523 4400 superam
537 4331 628 4388 domini
639 4334 751 4383 mandata
760 4332 866 4393 leretur,

269 4422 329 4482 Quae
337 4426 430 4466 secreta
445 4417 495 4483 poli
509 4417 561 4466 sola
573 4427 683 4484 pererrat
694 4417 753 4466 avis.

236 4503 314 4553 Velox
327 4501 384 4563 illa;
395 4501 436 4552 sed
447 4510 483 4550 est
495 4499 572 4552 Gratis
584 4500 690 4551 uelocior
704 4517 786 4555 arcus:

270 4589 335 4639 Alite
347 4590 377 4639 de
390 4589 439 4639 telo
457 4604 504 4652 quo
516 4586 586 4636 cadat
597 4586 645 4635 ales
658 4585 742 4635 habet.

235 4675 281 4725 Sed
292 4677 383 4740 justum
395 4680 462 4740 patet
476 4688 527 4721 esse
535 4674 635 4731 Jovem3
646 4685 749 4734 namque
758 4669 807 4718 ales
820 4669 846 4718 iu
861 4668 937 4735 ipsum

270 4758 380 4820 Decidit,
391 4768 416 4806 et
434 4764 546 4820 repetunt
557 4752 739 4802 vuluera'missa
753 4753 841 4802 virum.

236 4839 375 4890 Visceribus
387 4838 491 4889 volueris
504 4836 574 4897 tulit,
590 4851 677 4901 auceps
689 4833 788 4883 vulnera
803 4834 881 4896 eollo,

270 4928 371 4991 Unaque
382 4923 413 4972 de
428 4923 522 4988 gemina
539 4929 619 4969 morte
630 4918 717 4984 sagitta
728 4919 820 4970 madet.

516 5071 575 5120 nat.
594 5077 752 5112 calarentur.

237 5220 319 5272 Ubere
334 5230 504 5289 praestantem,
518 5218 580 5286 pluit
594 5217 619 5268 in
632 5217 766 5268 mulctrolia
778 5214 816 5265 cui
831 5229 880 5262 non

1072 533 1097 581 et
1109 530 1245 586 demonem
1258 534 1380 584 inter-nos
1393 535 1589 598 permutavimus
1604 551 1610 582 ι
1624 537 1691 588 illius
1701 539 1801 601 quidam

1102 619 1178 678 tellus
1191 633 1240 682 me,
1251 624 1394 672 terrestrem
1405 635 1463 672 vero
1473 622 1564 673 occidit
1577 637 1632 674 mea
1647 639 1718 689 aqua.

1353 785 1407 832 223.
1425 783 1574 832 Blauoltls,

1070 921 1192 971 lluncium
1205 925 1290 974 atoue
1299 937 1375 986 quum
1386 924 1462 974 lerret
1473 923 1732 988 insere-gymeagens

1102 1009 1200 1073 aquilo,
1212 1011 1295 1060 avium
1304 1013 1357 1061 sola
1367 1011 1520 1071 culi-incola,
1600 1010 1722 1075 [intendit
1737 1026 1853 1068 nervum.

1070 1112 1119 1148 non
1137 1099 1270 1150 antevertit
1284 1101 1620 1162 cretensemsupttteriamr
1638 1099 1747 1150 velocem
1764 1101 1815 1150 sed
1835 1103 1855 1150 r's

1102 1184 1277 1247 volucremque
1292 1185 1356 1234 alata
1370 1186 1458 1244 sagina
1475 1185 1689 1250 praeviam-habuit.
1759 1231 1761 1234 .

1069 1272 1855 1337 lovisveroneutiquamjustitiamlelellitsolue:sedinciditavis
1925 1265 1927 1284 ¹

1102 1361 1167 1421 viro,
1182 1363 1208 1411 et
1219 1358 1261 1411 irie
1272 1362 1449 1411 certe-manus
1458 1361 1567 1424 expiavit
1579 1361 1693 1412 missilia.
1764 1362 1836 1426 [ipse
1849 1385 1854 1412 :

1070 1449 1331 1500 Colloautemcnderu
1341 1450 1454 1512 sagittam
1464 1449 1555 1511 inerit,
1568 1449 1855 1514 quamtordesopiverat
1887 1435 1890 1440 ¹
1925 1433 1927 1470 ί

1101 1549 1226 1599 unumque
1241 1535 1332 1590 missile
1344 1536 1459 1586 binorum
1468 1535 1613 1600 sanguinem
1628 1535 1826 1589 hibitlunerum.

1323 1675 1379 1723 lli.
1402 1673 1602 1723 CRINAGORAE.

1069 1816 1174 1878 Capram
1182 1827 1223 1864 me
1234 1827 1394 1864 mammosam
1403 1850 1411 1876 ‚
1420 1827 1633 1878 quarumcumque
1646 1815 1763 1866 exhausit
1773 1821 1855 1878 pastor
1926 1839 1927 1886 p

1099 1903 1176 1954 ubera
1184 1902 1415 1954 exomnibuslartis
1429 1902 1588 1964 uberrimam,

1069 1989 1335 2056 postquam-gustavit,
1348 1993 1374 2040 et
1385 1988 1630 2040 dulcedinis-mellea
1643 1990 1827 2041 liorem-laticis
1926 2009 1927 2056 ι

1099 2075 1674 2141 caesar,ariamirinavibussooiam·navigandi
1690 2077 1756 2128 iecit
1926 2065 1927 2072 ¹

1068 2167 1113 2219 Ibo
1124 2170 1208 2218 autem
1220 2169 1314 2229 postea,
1327 2163 1426 2228 opinor,
1440 2167 1466 2214 et
1481 2165 1506 2214 iu
1520 2169 1594 2217 astra.
1607 2165 1654 2215 Cui
1666 2165 1733 2215 enim
1745 2165 1841 2228 praebui
1926 2169 1927 2220 l

1099 2268 1233 2307 mammam
1245 2263 1341 2313 meam,
1354 2251 1434 2302 minor
1447 2266 1491 2303 noo
1504 2254 1627 2304 tantillum
1643 2257 1680 2304 est
1693 2251 1824 2317 AEgiouho:
1926 2271 1927 2328 3

1352 2417 1405 2461 225.
1424 2411 1561 2460 ONESTAE.

1068 2551 1175 2612 Asopius
1193 2548 1248 2597 laus
1261 2549 1287 2597 et
1296 2548 1426 2610 pegasius,
1441 2545 1527 2596 latices
1540 2544 1650 2606 fraterni,

1097 2638 1158 2686 ararat
1170 2634 1229 2700 equi
1241 2637 1267 2686 et
1278 2634 1346 2684 llurii
1355 2634 1419 2684 dona
1431 2633 1598 2697 pede-rupta3
1926 2695 1927 2700 ἵ

1066 2727 1092 2776 et
1098 2724 1139 2774 llle
1150 2722 1252 2787 quidem
1261 2721 1327 2772 leriit
1335 2721 1467 2783 Heliconis,
1476 2720 1518 2771 hie
1529 2733 1587 2771 vero
1595 2733 1671 2770 venas
1683 2719 1853 2772 Asrooorinllri
1926 2721 1927 2772 ]

1099 2811 1206 2876 impulit.
1221 2809 1296 2861 Otali
1307 2811 1428 2874 equalem
1440 2808 1630 2859 dexteritatem!

1289 2961 1343 3006 226.
1361 2955 1451 3004 ZONAE
1468 2955 1623 3004 suaniam.

1068 3099 1110 3148 lita
1122 3109 1166 3146 vos
1179 3095 1261 3159 agite,
1277 3093 1348 3144 θοντο
1360 3092 1495 3143 alvearium
1504 3105 1576 3156 apes,
1590 3104 1688 3142 summa

1097 3183 1221 3248 depasoite
1232 3184 1277 3232 aut
1287 3180 1431 3245 thymomm
1443 3194 1533 3245 rugosa
1547 3184 1572 3230 et
1581 3182 1655 3231 acula
1667 3181 1713 3246 (l),
1776 3186 1783 3197 ·

1066 3277 1110 3326 aut
1124 3273 1181 3324 l'olia
1194 3273 1323 3337 papaveris
1334 3310 1341 3332 ‚
1355 3273 1398 3322 aut
1413 3283 1558 3334 passaeuve
1571 3264 1670 3328 vicinos,v

1096 3365 1141 3412 aut
1150 3361 1255 3422 violam,
1269 3363 1313 3410 aut
1322 3359 1444 3409 malorum
1453 3357 1592 3423 lanuginem
1607 3356 1854 3408 fructibus-insiden-

1065 3453 1154 3501 euneta
1167 3446 1355 3507 eireumrodile,
1367 3449 1393 3497 et
1403 3460 1463 3496 vasa
1473 3444 1671 3505 cera-obducite,
1688 3475 1699 3498 a
1767 3444 1852 3507 liam:

1096 3541 1125 3590 ut
1134 3539 1316 3604 apumeurator
1326 3540 1375 3585 Pan
1390 3533 1627 3596 alvearimn-praeses

1064 3628 1147 3691 pretet
1159 3625 1207 3675 hoe
1219 3624 1320 3688 quidem
1332 3622 1398 3686 ipse,
1410 3623 1466 3671 tum
1475 3633 1534 3670 vero
1548 3615 1701 3681 lumigatriee
1714 3629 1792 3665 mmm

1096 3712 1285 3764 exeimtolumo
1299 3721 1400 3773 parvam
1413 3708 1439 3757 et
1454 3703 1526 3756 vobis
1545 3703 1665 3765 satrapea
1678 3703 1796 3766 partem..

1042 3901 1046 3912 ί
1100 3928 1185 3978 Altera
1203 3935 1252 3973 tarn
1263 3922 1340 3971 multo
1350 3920 1412 3969 lacte
1422 3918 1549 3982 bonoque.
1566 3930 1672 3980 capram,

1067 4007 1180 4060 Melliflui
1196 4005 1310 4070 Princeps
1323 4010 1436 4068 expertus
1448 4000 1511 4048 dorm
1525 3996 1626 4062 liquoris

1100 4096 1136 4142 En
1148 4090 1231 4158 pelago
1246 4087 1359 4139 comitem
1367 4083 1484 4150 mejubet
1497 4082 1532 4130 ire
1545 4079 1600 4130 sibi.

1066 4179 1151 4225 Restat
1160 4183 1187 4224 ut
1196 4173 1243 4223 alta
1258 4180 1340 4237 poetam
1350 4183 1446 4234 quoque
1458 4165 1553 4225 sider·a;
1570 4179 1625 4212 nam
1638 4163 1676 4212 eui
1690 4176 1822 4212 mammam
1926 4229 1927 4236 ρ

1100 4257 1214 4316 Praebeo,
1227 4253 1317 4304 coelesti
1328 4266 1377 4300 nou
1389 4249 1469 4299 minor
1482 4247 1523 4296 iile
1534 4249 1595 4296 Jove
1606 4253 1651 4297 eat.

1317 4383 1375 4430 nati.
1389 4396 1456 4428 rervm
1469 4393 1599 4428 ananiam.

1066 4521 1160 4586 Pergire
1172 4517 1288 4568 mellifica
1298 4515 1336 4565 vel
1344 4529 1436 4564 summa
1448 4510 1572 4562 eacumina
1585 4508 1672 4560 {lorum

1099 4607 1220 4670 Carpere,
1230 4599 1268 4650 vei
1282 4613 1374 4647 ramum
1386 4597 1417 4645 de
1429 4595 1490 4643 Ινειιε
1502 4593 1584 4642 olente
1595 4590 1694 4656 thymo,

1066 4686 1113 4736 Vel
1125 4685 1200 4735 siccos
1213 4683 1309 4738 acinos,
1324 4680 1360 4729 vel
1370 4679 1417 4728 lata
1432 4676 1517 4726 ironde
1528 4689 1642 4741 papaver,

1100 4773 1150 4820 Aut
1161 4768 1214 4818 leve
1222 4764 1286 4829 quod
1296 4760 1372 4829 pomis
1381 4759 1487 4821 eminet,
1500 4767 1542 4808 aut
1554 4755 1631 4805 violas
1642 4770 1648 4804 :

1067 4853 1155 4905 omnia
1168 4857 1290 4917 pascentes
1303 4841 1544 4910 impleteliquoribus
1556 4840 1651 4902 alveos,

1100 4939 1134 4985 Ut
1150 4937 1209 4993 Pau,
1221 4947 1235 4980 a
1247 4929 1314 4979 vobis
1323 4926 1366 4992 qui
1380 4925 1442 4974 mala
1456 4923 1535 4990 pellit,
1549 4938 1618 4988 apes,

1066 5024 1120 5086 lpse
1131 5017 1177 5068 sibi
1190 5024 1277 5081 gustet,
1290 5027 1344 5061 eum
1358 5009 1424 5058 irrmo
1437 5017 1523 5056 cratera
1532 5008 1617 5070 tollat,

1100 5104 1135 5154 sir
1149 5112 1229 5152 tamen
1241 5109 1267 5148 ut
1279 5097 1344 5147 vobis
1357 5109 1411 5163 pars
1425 5101 1594 5158 quotacunque
1603 5105 1683 5156 snper.

1669 1902 1855 1966 [animadvertit
1926 1939 1927 1968 η
