3746 5910
345 413 356 436 '
433 443 558 504 carun
578 445 616 504 x.
638 443 920 506 EPIGRAMMATA
942 447 1256 511 sxuonnsrunm.

309 578 353 629 53.
373 581 433 626 ΤΟΥ
448 582 554 630 ΑΥΤΟΥ.

56 711 86 770 Εἰ
100 706 155 774 τοδς
168 706 336 786 ἀνδροφόνους
351 707 504 782 εὐδαίμονας
517 707 592 776 ὄντας
606 712 717 790 ὁρῶμεν,

90 797 117 855 οὗ
131 794 199 856 πάνυ
212 796 350 872 θαυμάζω·
364 800 410 855 τοῦ
424 796 485 864 dat<
500 799 556 856 ἐστι
568 796 656 879 γίρας.

55 887 102 948 Τὸν
114 884 165 965 γάρ
179 883 343 962 γεννήσαντα
358 883 514 962 μεμισηκὼς
527 887 573 945 καὶ
588 889 684 955 ἐκεῖνος

89 979 183 1035 κτεῖνεν
198 973 240 1048 διν,
257 977 281 1032 εἰ
294 978 308 1033 b
322 975 421 1054 Κρόνος
432 975 522 1046 θνητὸς
535 975 674 1055 ἐτύγχανεν
690 975 735 1035 ὤν·

55 1065 106 1124 ἀντὶ
117 1064 143 1123 di
158 1070 204 1123 τοῦ
216 1064 317 1123 κτεῖναι
331 1061 378 1122 σὺν
391 1072 445 1131 τοῖς
456 1065 553 1136 Τιτῆσι
565 1066 685 1138 κολάζει,

89 1152 202 1229 δέσμιον,
215 1154 250 1219 ὡς
263 1151 374 1232 λῃστὴν,
389 1154 426 1218 τίς
442 1153 472 1212 τὸ
485 1152 615 1234 βάραθρον
630 1155 704 1223 ἐνείς.

311 1299 354 1350 54.
374 1301 435 1346 ΤΟΥ
452 1301 559 1356 ΑΥΤΟΥ.

53 1429 89 1488 οιἰ
100 1435 168 1485 ποιεῖ
181 1425 293 1486 θάνατον
308 1426 387 1502 μόνον
402 1431 419 1496 ί,
434 1427 532 1507 φθίσις·
547 1427 616 1486 ἀλλά
630 1427 674 1487 τὸν
690 1427 767 1488 αὐτὸν

86 1516 128 1574 καλ
141 1513 227 1586 πολλὴ
243 1514 365 1593 παχύτης
378 1516 505 1581 πολλάκις
520 1516 667 1595 εἰργάσατο.

52 1604 124 1664 'inid’
137 1607 151 1661 d
164 1603 330 1681 τυραννήσας
344 1601 477 1670 Διονύσιος
491 1602 652 1681 Ἡρακλείας

85 1697 127 1763 τῆς
141 1694 218 1772 ἐντῷ
232 1689 325 1770 Πόντῳ
339 1690 454 1770 μάρτυς,
468 1694 570 1750 δτοῦτο
583 1693 683 1752 παθών.

316 1838 361 1889 55.
382 1840 441 1886 ΤΟΥ
457 1839 561 1887 ΑΥΤΟΥ.

49 1968 90 2030 Ἂν
104 1970 171 2027 πάνυ
186 1967 325 2046 κομπάζης
339 1967 528 2048 προστάγμασι
545 1968 582 2044 μὴ
598 1969 739 2028 ὑπακούειν

83 2063 126 2128 τῆς
140 2059 275 2133 γαμετῆς,
288 2059 391 2133 ληρεῖς·
407 2057 436 2114 οὗ
451 2053 502 2134 γάρ
517 2058 570 2115 ἀπὸ
583 2055 657 2135 δρυὸς
670 2046 709 2130 ε’ί,

847 593 852 678 ί
1160 612 1199 656 se.
1222 617 1369 661 suusnsu.

871 723 898 774 si
907 723 1045 776 homicides
1055 726 1140 777 felices
1149 727 1235 779 vivere
1245 727 1372 790 uidemus,

903 826 953 863 uon
966 813 1039 864 valde
1051 814 1142 876 mirur3
1155 815 1225 866 levis
1238 819 1277 866 est
1291 816 1395 868 dunum.

872 896 1012 946 Genitorenr
1026 897 1092 948 enim
1105 911 1197 948 exosus
1207 899 1281 950 etiarn
1294 901 1336 952 ille

902 983 1076 1047 interfecisset,
1090 987 1113 1036 si
1123 990 1243 1039 Saturnus
1256 993 1322 1039 esset
1337 990 1448 1040 mortalis
1462 1008 1468 1041 ι

872 1075 917 1126 sed
930 1076 984 1126 locu
995 1076 1071 1127 cudis
1084 1091 1141 1128 cum
1155 1078 1283 1130 Titanibus
1295 1079 1413 1146 castigat,

904 1163 1035 1225 vinetum,
1055 1166 1229 1229 nilamonem,
1242 1168 1269 1218 in
1282 1167 1424 1220 barathrum
1436 1170 1578 1222 demissum.

1162 1318 1201 1366 54.
1224 1319 1374 1362 ssbsnsst.

872 1446 925 1494 llun
939 1444 997 1496 tacit
1008 1448 1112 1498 mortem
1126 1448 1224 1497 tautum
1233 1448 1353 1512 phthisim
1368 1449 1413 1500 sed
1424 1452 1526 1502 eandem

903 1533 979 1583 etiam
987 1534 1066 1584 multa
1078 1533 1187 1584 obesitas
1199 1549 1265 1598 saepe
1280 1538 1437 1602 comparauit.

873 1624 981 1686 liujusce
994 1623 1029 1673 rei
1043 1627 1162 1687 tyrannus
1173 1624 1306 1688 Dionysius
1317 1629 1442 1679 lleraclere

905 1715 1015 1772 quse-est
1028 1711 1053 1761 in
1066 1714 1145 1762 Pente
1158 1712 1245 1776 testis,
1257 1713 1396 1779 hee-ipsum
1406 1731 1501 1780 passus.

1157 1852 1197 1896 55.
1220 1857 1372 1900 musnslt.

872 1985 898 2034 si
911 1985 1010 2035 omuino
1022 1985 1134 2050 gloriaris
1142 1985 1219 2050 iussis
1229 1989 1254 2037 tc
1263 2001 1311 2037 nun
1325 1987 1427 2051 obsequi

903 2073 1026 2138 conjugis,
1039 2073 1144 2136 deliras3
1156 2088 1205 2124 nou
1218 2076 1283 2126 enim
1293 2091 1308 2126 a
1317 2089 1411 2139 quercu
1423 2090 1464 2137 es,
1513 2077 1659 2142 [necessario

48 2147 96 2204 οὐδ’
110 2149 161 2204 ἀπὸ
177 2144 293 2222 πέτρης,
309 2145 397 2224 φησίν·
409 2143 425 2202 δ
438 2145 498 2228 θ’,υί
512 2146 605 2204 πολλοὶ
619 2145 677 2204 κατ’
691 2146 807 2224 ἀνάγκην
872 2174 952 2224 neque
964 2174 980 2211 a
991 2162 1073 2224 petra,
1088 2161 1124 2211 ait
1138 2162 1311 2226 proverbium
1331 2180 1341 2216 .·
1356 2167 1382 2214 et
1400 2163 1467 2228 quod
1483 2165 1659 2231 maxima-pars

82 2232 232 2312 πάσχομεν,
244 2230 262 2301 ἢ
275 2230 384 2300 πάντες,
395 2231 441 2289 καὶ
456 2230 488 2289 σὺ
504 2237 708 2313 γυναικοκρατῇ.

902 2248 1019 2313 patimur,
1032 2253 1076 2300 aut
1089 2263 1187 2311 ornnes,
1201 2254 1227 2301 et
1240 2255 1269 2302 tu
1283 2252 1635 2318 mulieris-potentiamsubis.

48 2321 174 2394 Εἶδ’,ιού
183 2319 340 2400 σανδαλίῳ·
352 2318 582 2400 φὴςιτύπτομαι,
601 2322 666 2394 οὐδ’,
680 2321 828 2382 ἀκολάστου
872 2337 1279 2402 sivero‚«1t0nsandatio‚tnquis‚
1289 2341 1416 2402 verberor,
1426 2355 1513 2405 neque,
1523 2343 1648 2408 impudice

902 2439 980 2488 quum
994 2428 1050 2476 utar
1061 2439 1154 2488 uxore,
1168 2431 1267 2491 oportet
1279 2441 1320 2479 me
1334 2430 1437 2480 tacitum
1447 2430 1512 2482 terre
1522 2451 1549 2492 ν,

872 2515 964 2566 seruire
978 2518 1004 2567 te
1018 2515 1073 2566 dim
1082 2515 1246 2581 moderatius,
1257 2519 1380 2583 slqrridem
1392 2522 1547 2572 venditus-es

847 2591 854 2658 ί
902 2604 1022 2656 modestae
1032 2606 1140 2658 dominu
1151 2621 1232 2672 neque
1244 2608 1319 2659 nimis
1331 2609 1409 2674 gravi.

850 2678 854 2860 l
1161 2748 1198 2794 be.
1223 2752 1370 2795 EJUSDBH.

83 2409 183 2480 εούσης
198 2429 245 2482 μοι
256 2411 391 2486 γαμετῆς,
405 2408 459 2487 χρή
476 2431 509 2488 με
524 2410 644 2488 μύσαντα
659 2410 745 2490 φέρειν
763 2438 785 2480 ν,

48 2498 168 2559 δουλεύειν
184 2519 216 2556 σε
230 2497 299 2573 λίγα)
314 2497 499 2578 μετριώτερον,
514 2497 580 2574 εἴγε
592 2499 728 2578 πέπρασαι

83 2587 193 2669 σώφρονι
211 2587 335 2665 δεσποίνῃ
354 2585 422 2664 μηδὲ
435 2585 495 2645 λίαν
507 2589 624 2667 χαλεπῇ.

309 2735 354 2785 56.
375 2737 435 2782 ΤΟΥ
453 2737 558 2784 ΑΥΤΟΥ.

48 2864 123 2925 Οὐδὲν
135 2862 306 2945 σωφροσύνης
317 2863 458 2943 τεκμήριόν
471 2865 526 2922 ἔστι
538 2865 677 2942 πρόδηλον·

82 2959 132 3018 τοῖς
146 2951 351 3028 ἐμπαιζομένοις
363 2950 474 3030 ἀνδράσι
487 2955 572 3010 ταῦτα
587 2951 666 3027 λέγω.

48 3041 110 3102 (lire
121 3041 150 3101 τὸ
162 3042 314 3120 δύσμορφον
330 3040 435 3108 πάντως
448 3039 600 3099 ἀνύποπτον
616 3039 745 3121 ὑπάρχει,

83 3129 132 3189 οὔτ’
145 3129 348 3188 ἀκολασταίνειν
359 3137 434 3188 πᾶσα
446 3127 545 3210 πέφυκε
558 3129 636 3198 καλή.

15 3243 27 3284 t
51 3219 96 3279 iul
110 3218 160 3297 γάρ
176 3241 217 3284 τις
232 3216 276 3276 διά
289 3215 339 3286 τὴν
350 3213 421 3294 ὥραν
436 3224 489 3282 τοῖς
503 3217 590 3275 πολλὰ
605 3218 717 3274 διδοῦσιν

83 3310 130 3387 αἰχ
143 3306 254 3366 ἕπεται·
268 3305 368 3372 πολλὰς
383 3306 405 3364 δ’
417 3305 471 3364 ἐστὶ
486 3315 610 3383 γυναῖκας
624 3307 687 3363 ἰδεῖν

49 3395 102 3476 ούχί
113 3395 196 3462 καλὰς
210 3395 261 3466 τὴν
274 3395 343 3475 ὄψιν,
355 3393 511 3471 ὀπυιομένας
523 3393 686 3470 ἀκορίστως,

82 3485 123 3543 καί
136 3493 190 3552 τοῖς
203 3482 382 3564 χρησαμένοις
396 3481 482 3541 πολλὰ
495 3481 679 3563 χαριζομένας.

49 3575 100 3633 ota
113 3572 138 3632 εί
150 3597 189 3640 τις
200 3573 309 3650 συνάγει
320 3571 367 3638 τάς
378 3569 492 3651 ὀφρύας,
504 3571 562 3628 οὐδὲ
577 3573 681 3647 γελῶσα

7 3683 27 3722 lu
82 3662 217 3742 φαίνεται,
233 3661 345 3740 ὀφθῆναί
358 3663 382 3718 τ’
398 3659 521 3738 ἀνδράσιν
538 3658 706 3738 ἐκτρέπεται,

54 3775 622 3792 —ffl———n———d

347 3831 388 3880 53.
407 3844 527 3875 nuusnnar.

47 3957 67 4008 Si
79 3957 136 4006 Ιιευε
146 3955 279 4006 succedunt
291 3954 417 4003 homicidis
428 3954 523 4015 omnia,
534 3955 610 4004 miror

75 4043 126 4089 Nun
140 4055 184 4103 ego
197 4054 204 4088 ε
218 4037 336 4103 dispositu
350 4052 387 4086 res
401 4036 467 4086 venit
481 4037 524 4086 ista
538 4037 613 4086 Joris.

48 4122 128 4172 Oderat
141 4122 191 4188 ipse
204 4129 312 4186 patrem,
321 4119 360 4168 sed
371 4128 396 4168 et
405 4119 528 4168 occidisset
537 4119 653 4174 eundem,

75 4205 97 4255 Si
111 4213 190 4270 pcmt
202 4201 290 4252 mortis
298 4201 353 4266 jura
365 4200 446 4250 subire
459 4205 531 4250 Deus.

49 4293 94 4338 lluc
103 4289 159 4353 qaia
169 4305 219 4338 nun
232 4286 328 4354 putuit,
341 4301 405 4334 nunc
419 4301 474 4335 cunr
488 4284 616 4334 Titanibus
627 4283 694 4334 ilium

76 4371 111 4422 Sic
121 4370 189 4437 qnasi
203 4371 322 4420 latronem
334 4368 427 4417 detinet
438 4368 464 4416 in
475 4365 599 4417 barathro.

340 4495 381 4548 54.
400 4506 519 4540 σισσυειι.

48 4624 96 4671 Nun
108 4630 203 4671 tantum
218 4619 273 4668 vitre
285 4619 357 4666 tirrem
370 4617 427 4666 iacit
440 4615 507 4666 arida
520 4616 589 4665 tabes
603 4632 610 4666 ι

76 4703 138 4767 Quin
150 4702 226 4752 etiam
239 4699 341 4750 nimium
355 4699 442 4765 pingue
454 4713 541 4748 necare
554 4707 643 4764 potest.

48 4789 95 4835 llcc
106 4787 174 4835 docet
188 4784 300 4848 exemplu
312 4781 423 4831 dominus
436 4780 564 4846 Dionysius
578 4779 660 4842 urbis,

77 4869 184 4919 Herculis
196 4868 342 4916 adlectum
354 4881 407 4931 quse
418 4864 463 4914 sita
476 4879 563 4914 nomeu
578 4862 661 4912 habet.

347 4993 388 5043 55.
406 5007 525 5040 anusnrrr.

49 5109 70 5160 Si
80 5108 177 5160 nimium
184 5111 262 5176 jactas
271 5118 295 5159 te
304 5125 352 5158 non
364 5107 449 5157 uxoria
460 5107 524 5157 ierrc

77 5199 158 5259 tussa,
171 5194 258 5261 procui
270 5208 327 5242 uero
339 5208 380 5254 es;
393 5208 449 5242 nam
461 5206 539 5258 neque
552 5198 620 5256 petra
634 5188 694 5251 tibi,

50 5279 95 5328 :tec
105 5293 207 5344 quernus
221 5276 333 5343 genitrix,
343 5275 423 5344 perier
435 5275 500 5340 quod
512 5273 574 5324 ierre
587 5288 682 5323 necesse
697 5280 740 5321 est.

873 2871 972 2922 Nullum
987 2871 1109 2923 castitatis
1122 2873 1219 2937 signum
1229 2879 1268 2926 est
1275 2873 1433 2926 manifestum
1448 2895 1454 2924 ι

903 2953 994 3025 quibrrs
1005 2962 1118 3013 illuditur
1129 2963 1225 3015 maritis
1235 2963 1289 3015 hnc
1298 2963 1377 3015 edico.

873 3053 958 3115 Neque
971 3050 1119 3102 dillonnitas
1134 3065 1233 3102 omnem
1246 3051 1486 3116 citra-suspicionem
1497 3053 1625 3115 subsistit,

903 3139 1253 3204 nequeimpudica-eslomnis
1259 3139 1657 3206 suaptenaturamulierpulcbrs.

874 3227 969 3278 Etenim
981 3230 1021 3278 est
1033 3241 1090 3290 quta
1098 3227 1131 3279 ob
1141 3228 1246 3278 termam
1255 3229 1334 3278 multa
1343 3227 1504 3292 largientibus

902 3329 951 3364 nen
964 3315 1123 3379 obsequitur3
1138 3319 1223 3366 contra
1231 3317 1323 3366 multas
1335 3318 1374 3367 est
1385 3316 1502 3367 mulieres
1513 3316 1597 3368 ridere

872 3415 921 3452 neu
933 3403 1049 3468 pulchras
1062 3407 1177 3468 aspectu,
1191 3407 1308 3459 cosumus
1320 3403 1501 3466 insatiabiliter,

902 3494 928 3541 et
942 3491 1300 3555 rem-cum-tpsis-babentibus
1313 3493 1392 3544 multe
1403 3493 1617 3557 quae-largiantur.

849 3608 854 3698 γ
872 3581 956 3629 Nonne
968 3579 990 3629 si
1002 3593 1057 3643 quae
1067 3581 1191 3630 contrabit
1202 3581 1345 3646 supercilia,
1357 3593 1437 3644 neque
1453 3580 1537 3631 ridens

903 3671 1018 3733 apparet,
1034 3669 1229 3734 adspectumque
1240 3670 1351 3722 virerum
1365 3674 1503 3734 aversatur,

906 3832 966 3878 Sunt
979 3829 1074 3888 cuncti.
1090 3830 1149 3896 qnid
1163 3831 1187 3879 ni
1200 3839 1226 3880 tn
1237 3835 1353 3896 quoque?
1366 3831 1411 3879 sub
1424 3831 1530 3880 domina.

874 3915 908 3962 Ar
921 3928 970 3962 non
982 3915 1090 3964 sandalio
1100 3950 1108 3976 ‚
1117 3912 1191 3975 dicis,
1202 3915 1365 3964 commulcens
1377 3930 1383 3965 ι
1395 3924 1421 3965 at
1432 3930 1481 3964 ιιοιι

908 3995 997 4045 Uxoris
1009 3993 1089 4063 paticr
1098 4005 1179 4046 mutus
1189 3996 1317 4046 adulteria.

874 4078 1004 4129 Seruilium
1017 4078 1064 4128 iere
1075 4094 1131 4144 ergo
1145 4079 1224 4128 minus
1236 4093 1319 4142 grave,
1329 4078 1426 4144 quando
1436 4078 1522 4145 pudica

908 4167 938 4213 Et
950 4180 999 4213 non
1015 4162 1119 4213 difficilis
1131 4172 1155 4212 te
1165 4161 1237 4212 nimis
1250 4161 1309 4211 emit
1322 4159 1391 4211 hera.

1177 4357 1217 4404 56.
1237 4370 1356 4405 ιιιιευεει.

873 4517 969 4568 Credite
982 4516 1077 4583 decepti
1087 4515 1156 4566 toties
1169 4515 1193 4564 in
1205 4531 1287 4565 amore
1298 4515 1391 4570 meriti,

906 4601 1019 4662 Credite,
1028 4601 1095 4651 nulia
1108 4609 1165 4650 nota
1176 4609 1212 4648 est
1221 4609 1288 4650 certe
1299 4598 1428 4666 pudicitie.

873 4685 925 4733 Nec
937 4693 1019 4750 turpes
1031 4682 1091 4732 facie
1103 4697 1198 4748 semper
1211 4679 1262 4730 sine
1273 4680 1374 4730 crimine
1385 4681 1485 4741 visunt,

906 4768 957 4815 Nec
969 4781 1065 4832 semper
1075 4764 1157 4814 iormre
1169 4763 1246 4829 gloria
1259 4763 1350 4812 crimen
1365 4761 1447 4813 habet.

874 4850 964 4899 Multas
978 4849 1100 4915 adspicere
1113 4858 1163 4907 est,
1177 4863 1230 4913 quc
1244 4845 1339 4913 pulchri
1353 4847 1462 4911 corporis
1474 4861 1541 4894 ussrm

906 4938 1013 4983 Tentata
1026 4933 1094 4983 nulio
1108 4947 1209 4981 munere
1221 4930 1375 4997 prostituant.

874 5018 935 5067 Sunt
949 5023 974 5064 et
986 5015 1122 5076 deformer,
1133 5012 1221 5079 quibus
1232 5011 1343 5061 insatiata
1354 5010 1429 5060 libide
1441 5018 1477 5060 est
1487 5047 1493 5067 ,

907 5104 1014 5166 Quaque
1027 5100 1116 5149 audent
1131 5097 1236 5164 pretium
1251 5110 1341 5162 ponere
1354 5094 1481 5143 adulterio.

874 5187 928 5234 Non
940 5185 959 5233 si
969 5199 1017 5248 qua
1027 5192 1138 5249 aspectus
1148 5181 1246 5233 simulat
1255 5179 1332 5228 nitere
1341 5177 1435 5239 uiriles,

906 5267 1050 5334 Tetrieuque
1061 5265 1152 5318 attollit
1160 5265 1229 5316 triste
1240 5261 1410 5330 supercilium,
