3878 5912
471 420 596 484 CAPUT
618 422 666 482 tx.
689 421 970 483 EPIGRAMMATA
992 425 1332 488 DEMONSTRATIVA.

135 551 249 630 δάκρυε·
263 557 307 610 νῦν
319 556 333 610 ὁ
349 551 402 630 βίος
415 551 468 611 ἔστ’
480 553 658 634 ἐλεεινότερος.

95 642 148 701 Τὸν
167 639 223 720 βίον
242 641 301 720 άρτι
316 642 394 715 γέλα,
409 641 579 720 Δημόκριτε,
596 643 627 702 τὸ
640 643 720 701 πλέον
735 641 753 714 ἢ
766 642 839 722 πρίν·

134 734 180 786 νῦν
192 733 207 787 δ
220 730 274 808 βίος
287 730 394 788 πάντων
409 731 464 788 lori
478 730 648 809 γελοιότερος.

81 820 142 885 ιΙΞίς
156 816 240 893 ὑμέας
256 817 283 875 δὲ
298 817 343 876 καὶ
360 819 434 885 αὐτὸς
448 820 528 896 δρῶν,
543 818 573 876 τὸ
588 819 685 896 μεταξὺ
699 822 817 897 μεριμνιῦ

134 908 193 975 πῶς
207 903 265 982 ἅμα
283 903 324 964 σοὶ
338 903 465 978 κλαύσω,
479 909 535 972 πῶς
551 905 607 983 ἅμα
622 905 663 964 σοὶ
676 905 789 985 γελάσαι.

323 1049 389 1100 149.
406 1042 668 1103 ΑΝΤΙΠΑΤΡΟΥ.

97 1169 177 1258 Εἶχεν
193 1176 351 1256 Ἀριστείδης
368 1179 381 1233 i
396 1175 529 1258 βοκέῤῥιος
543 1180 590 1238 οὖκ
604 1178 656 1236 ἀπὸ
671 1180 774 1238 πολλῶν

134 1266 242 1344 πολλά,
256 1270 319 1343 μιῆς
333 1267 355 1323 δ’
370 1264 422 1333 όίος
434 1269 479 1324 καὶ
494 1265 553 1344 βοῦς
565 1266 699 1348 εὐπορίην.

97 1354 177 1414 'Alli
193 1351 246 1432 γάρ
260 1354 315 1412 οὐδ’
328 1355 342 1410 ὁ
356 1355 436 1424 πένης
451 1351 531 1430 ἔφυγε
546 1353 646 1434 φθόνον·
659 1355 743 1432 ἤματι
758 1356 780 1414 δ’
792 1356 863 1433 αὐτῷ

134 1446 212 1519 θῆρες
224 1443 275 1517 tta,
289 1438 336 1510 τλν
353 1445 415 1520 βοῦν
431 1441 454 1502 δ’
468 1440 551 1500 ὤλεσε
565 1443 697 1515 δυστοκίη.

95 1530 222 1599 Μισήσας
234 1531 257 1586 δ’
271 1526 387 1605 ἀύληχὲς
400 1529 537 1605 ἐπαύλων,
553 1528 657 1606 άμματι
670 1531 756 1611 πήρης

135 1619 166 1675 ἐκ
180 1615 279 1686 ταύτης
294 1615 384 1694 βιοτὴν
400 1615 514 1694 ἀχράδος
526 1617 683 1696 ἐκρέμασεν.

284 1757 286 1762 ’
358 1760 419 1811 150.
439 1762 499 1808 ΤΟΥ
517 1761 625 1810 Amor.

98 1885 215 1950 Πλοῦτος
230 1881 377 1962 Ἀριστείδη
391 1879 503 1962 δάμαλις
519 1881 567 1958 μία
586 1881 632 1941 καί
645 1882 822 1962 τριχόμαλλος

135 1963 169 2042 ἧν
188 1971 241 2038 δίς·
256 1975 286 2029 ἐκ
300 1969 399 2029 τούτων
411 1969 490 2042 λιμὸν
504 1969 596 2028 ἔλαυνε
608 1969 698 2049 θύρης.

96 2057 240 2137 Ἥμῦροτε
253 2059 276 2117 δ’
289 2057 453 2140 ἀμφοτέρων·
467 2057 553 2131 ἀμνὴν
569 2057 660 2130 λύκος,
679 2057 771 2118 ἔκτανε
788 2061 811 2118 δ’
823 2061 885 2128 ὠδὶς

137 2144 187 2217 τὴν
203 2146 329 2221 δάμαλιν·
346 2147 436 2216 πενίης
451 2145 475 2204 δ’
488 2143 571 2205 ὤλετο
586 2147 730 2225 βουκόλων.

98 2229 247 2311 Πηροδέτιρ
258 2231 280 2288 δ’
295 2231 345 2310 ὅγ’
357 2231 448 2308 ἱμάντι
462 2233 522 2292 κατ’
537 2235 647 2314 αὐχένος
662 2233 741 2312 άμμα
756 2235 885 2317 λυγόισας,

137 2319 241 2402 οἰκτρὸς
256 2318 385 2401 ἀμυκήτῳ
397 2319 511 2380 κάτθανε
524 2321 579 2403 πάρ
594 2323 706 2404 καλύῦῃ.

359 2456 420 2508 151.
441 2459 501 2504 ΤΟΥ
519 2460 625 2508 attor.

99 2589 157 2646 Ποῦ
171 2583 202 2643 ei
214 2583 388 2662 stupidissimos
403 2583 500 2649 κάλλος
515 2583 575 2656 σέο,
591 2583 662 2662 Δωρί
678 2583 804 2664 Κόρινθος

138 2678 192 2732 ποῦ
205 2671 334 2753 στεφάναι
343 2671 462 2752 πύργων,
476 2676 527 2730 ποῦ
541 2671 575 2732 τά
589 2671 673 2732 πάλαι
687 2672 797 2745 κτέανα,

101 2769 152 2822 ποῦ
167 2760 227 2833 νηοὶ
245 2760 382 2839 μακάρων,
395 2764 447 2817 ποῦ
463 2759 589 2836 δώματα,
602 2765 652 2818 ποῦ
665 2759 692 2819 δέ
708 2761 841 2841 δάμαρτες

140 2849 284 2930 Σισύριαι,
297 2850 367 2906 λαῶν
380 2846 403 2906 θ’
417 2849 445 2906 αἱ
461 2847 524 2906 ποτέ
540 2848 681 2927 μυριάδες;

99 2939 157 3000 otti
172 2936 227 3019 γάρ
238 2938 292 2996 οὐδ’
304 2936 388 3016 ἴχνος,
405 2935 616 3016 πολυκάμμορε,
632 2944 687 2996 σεῖο
697 2937 846 3010 λελειπται,

139 3028 231 3085 πάντα
245 3023 273 3084 δέ
288 3024 450 3103 συμμάρψας
465 3022 587 3103 ἐξέραγεν
600 3023 723 3101 πόλεμος.

102 3121 208 3176 ,Ποῦναι
223 3112 366 3193 ἀπόρθητοι
382 3106 528 3189 Νηρηίδες,
542 3111 682 3170 Ὠκεανοῖο

140 3209 253 3282 κοῦραι,
268 3205 320 3259 σῶν
335 3199 422 3278 ἀχέων
438 3199 567 3278 μίμνομεν
582 3200 714 3270 ἀλκυόνες.

217 3352 283 3402 152.
306 3337 476 3401 ΑΙἈΘΙΟΥ
496 3342 779 3404 ΣΧΟΛΑΣἸΊΚΟΥ.

102 3483 162 3542 ’Aee
177 3483 238 3540 ποθ’
252 3481 269 3540 ἆ
281 3479 371 3538 κλεινδι
383 3479 507 3557 Πριάμου
522 3479 612 3551 πολις,
626 3481 656 3538 ἃν
673 3479 806 3548 ἀλαπάξαι

140 3567 280 3629 Ἑλλάνων
294 3567 400 3638 δεκέτης
414 3569 461 3625 οὐκ
476 3568 621 3626 ἐτάλαοσεν
636 3567 699 3648 άρης

136 3741 192 3801 Fle,
205 3755 303 3805 precor,
318 3747 354 3787 est
368 3739 458 3787 etenim
472 3753 538 3787 nunc
553 3737 723 3788 miserabilior.

101 3828 140 3871 ‘lu
154 3838 251 3888 quinque
265 3837 332 3871 nunc
343 3821 409 3870 illam
420 3819 507 3886 magis,
522 3836 537 3869 o
553 3821 707 3878 Democrite,
724 3819 790 3883 ride,

138 3907 200 3954 Nam
214 3904 265 3952 risu
280 3919 404 3968 uunquam
419 3901 514 3964 dignior
526 3901 568 3950 illa
581 3899 634 3951 luit.

108 3989 154 4033 Vos
165 4001 206 4049 ego
219 3985 260 4034 sed
274 3993 386 4050 spectans
394 3983 449 4033 heic
461 3982 556 4046 haereo,
569 3983 690 4048 quomodo
703 3983 790 4050 possim

138 4073 172 4116 l'e
186 4067 287 4117 ridendo
298 4067 381 4133 sequi,
394 4076 419 4115 te
432 4065 585 4130 lacrymando
597 4066 674 4130 sequi.

389 4219 444 4273 ¹⁴9·
464 4225 608 4258 ιιιτινιτιιι.

112 4351 189 4395 l’astm
206 4344 323 4394 Aristides
334 4343 419 4393 hahuit
434 4360 483 4392 non
499 4344 575 4392 multa
585 4347 708 4408 Bocerne3

142 4431 188 4476 iles
198 4426 249 4476 oris
264 4443 312 4474 uua
332 4425 383 4474 ciro
399 4425 490 4491 bosque
505 4426 546 4474 sed
560 4442 607 4474 unu
621 4423 676 4477 luit.

114 4511 158 4559 Nec
171 4519 251 4558 tamen
266 4507 357 4556 inuidia
370 4507 461 4568 caruit3
474 4525 529 4557 nam
539 4509 592 4556 luce
606 4508 650 4558 suh
663 4525 710 4560 una

143 4591 235 4656 Eripuit
247 4605 344 4638 iaceam
357 4599 437 4654 partus
447 4626 454 4649 ,
465 4605 582 4655 orentque
593 4589 657 4640 ieroe.

116 4673 154 4720 ille
169 4673 219 4738 piro
233 4688 263 4721 εκ
279 4672 323 4720 iste
334 4686 398 4736 pere
412 4670 508 4720 lethalia
521 4672 596 4720 nectit

146 4754 258 4814 Vincula,
270 4770 301 4801 ne
316 4761 383 4801 mulo
401 4752 489 4802 riter-et
503 4753 530 4802 in
544 4753 648 4805 stahulo.

407 4905 459 4951 150.
479 4919 600 4962 musaeu,

358 5020 388 5070 de
402 5020 483 5070 eodem
497 5033 648 5089 argumento,

118 5138 196 5186 onmis
209 5137 319 5188 Aristide
333 5156 371 5188 res
384 5139 435 5190 hrec
450 5149 514 5198 erat,
529 5156 576 5190 uua
588 5141 702 5206 jnrenca,

151 5223 200 5270 iliu
213 5221 262 5272 oris
270 5259 279 5285 ‚
294 5223 397 5274 esuriem
409 5241 462 5291 quse
474 5225 589 5290 pepulere
603 5224 684 5275 domo.

955 573 1019 624 delle
1033 592 1039 623 :
1052 587 1118 625 nunc
1127 576 1179 625 rita
1189 581 1227 626 cst
1236 577 1405 627 miserabilior.

926 658 1008 708 Vitam
1019 668 1085 709 nunc
1092 659 1176 723 irride,
1188 663 1335 724 Democrite,
1347 663 1424 729 magis
1437 679 1512 727 quam
1526 666 1594 730 prius
1609 687 1615 715 ι

957 759 1021 795 nunc
1032 745 1084 796 vita
1098 747 1212 797 omnibus
1223 752 1261 798 est
1273 749 1472 813 magis-ridicula.

925 835 977 883 Vos
990 835 1074 884 autem
1089 847 1134 898 ego
1144 848 1244 899 quoque
1257 835 1370 898 intuens,
1381 838 1476 889 interea
1488 839 1561 888 animi
1575 840 1677 904 pendeo,

956 924 999 984 qui
1015 925 1098 972 lecum
1111 937 1159 972 una
1174 923 1254 986 lleam,
1265 927 1308 987 qul
1322 928 1404 976 tecum
1418 941 1467 976 uua
1479 927 1580 977 rideam.

1198 1062 1251 1109 119.
1267 1061 1441 1110 ANTIPATRI.

927 1183 1039 1237 ilabebat
1051 1185 1170 1236 Aristides
1181 1186 1312 1250 Bogerrius
1321 1201 1369 1237 non
1379 1202 1410 1238 ex
1420 1189 1503 1240 multis

958 1274 1046 1337 multa,
1056 1273 1101 1325 sed
1110 1275 1183 1325 unius
1195 1275 1249 1324 oris
1263 1278 1288 1325 et
1300 1275 1397 1326 buculas
1408 1277 1557 1329 facultatem.

927 1361 976 1413 Sed
981 1361 1047 1412 enim
1056 1375 1088 1412 ne
1096 1375 1188 1426 pauper
1193 1362 1294 1426 quidem
1305 1365 1393 1428 elingit
1403 1364 1535 1427 invidiam3
1547 1368 1571 1417 et
1578 1366 1618 1417 die
1628 1367 1711 1419 eadem

958 1450 1046 1501 helluae
1055 1463 1136 1514 ovem,
1146 1449 1262 1501 buculam
1273 1466 1331 1502 uero
1343 1453 1451 1517 perdidit
1462 1453 1649 1517 partus-inlelix.

927 1543 1022 1590 Erosus
1036 1543 1119 1590 autem
1130 1539 1324 1610 balatus-expers
1335 1541 1469 1604 stabulum,
1482 1542 1579 1592 viuculo
1591 1555 1656 1607 perae

959 1641 988 1678 ex
1001 1627 1049 1678 hoc
1061 1629 1138 1678 vitam
1151 1629 1254 1692 pirastro
1268 1629 1403 1692 suspendit.

1211 1772 1264 1818 150.
1286 1779 1437 1822 EJUSDEM.

929 1895 1026 1949 Divitiae
1035 1899 1135 1950 Aristidi
1144 1913 1220 1950 vacca
1233 1913 1283 1950 una
1299 1902 1325 1951 ct
1338 1901 1426 1952 vitiosa

960 1990 1014 2037 erat
1025 1986 1091 2048 oris3
1101 1986 1246 2052 opo-harum
1260 1988 1350 2038 semem
1362 1987 1460 2039 arcebat
1469 1987 1589 2038 a·limine.

929 2073 1028 2124 Excidit
1041 2077 1125 2125 autem
1136 2075 1256 2126 ambabus
1268 2096 1274 2125 :
1285 2088 1358 2126 ovem
1370 2075 1452 2138 lupus,
1461 2073 1586 2126 interemit
1598 2079 1683 2140 partus

961 2175 1077 2223 raceam;
1090 2164 1116 2212 et
1127 2161 1280 2226 paupertatis
1294 2162 1367 2226 periit
1381 2163 1512 2214 stabulum.

930 2253 1012 2314 Atque
1021 2250 1062 2300 hic
1071 2251 1288 2315 vinciente-peram
1300 2252 1352 2301 loro
1364 2253 1389 2301 in
1401 2253 1464 2304 rollo
1477 2253 1569 2303 nodum
1583 2257 1693 2316 nectens,

932 2365 943 2402 ς
962 2337 1108 2390 miserabilis
1120 2339 1151 2388 ad
1162 2339 1336 2402 nou-mugiens
1350 2339 1410 2389 obiit
1423 2340 1561 2404 tugurium.

1208 2489 1260 2535 151.
1282 2495 1428 2537 musonii.

931 2613 1035 2666 Ubinam
1048 2613 1089 2664 illa
1100 2613 1231 2676 conspicua
1244 2614 1402 2678 pulchritudo
1416 2620 1467 2678 lua,
1480 2617 1570 2667 Dorica
1582 2616 1715 2667 corindae?

962 2703 1005 2753 ubl
1020 2716 1117 2753 corone
1131 2703 1248 2766 turrium,
1260 2704 1303 2754 ubi
1318 2705 1426 2768 autiquae
1440 2704 1549 2772 divitica,

931 2791 975 2842 uhi
995 2791 1088 2855 templa
1104 2791 1286 2851 immortalium,
1299 2791 1343 2841 ubi
1355 2791 1452 2853 domus,
1467 2792 1511 2843 uhi
1524 2806 1584 2843 vero
1597 2795 1715 2844 matrona

964 2879 1090 2943 Sisyphia,
1104 2880 1282 2944 homiuumque
1292 2881 1341 2931 illac
1353 2881 1412 2932 olim
1422 2880 1562 2944 myriades?

931 2985 988 3022 nam
998 2985 1029 3022 ne
1038 2971 1169 3034 vestigium
1178 2970 1308 3034 quideme
1316 2971 1491 3034 valde-iulelix,
1499 2972 1713 3034 tuirelictumost,

961 3061 1097 3120 cunctaque
1111 3059 1245 3121 corripiens
1257 3057 1384 3110 devorarit
1397 3059 1498 3110 bellurn.

933 3147 996 3197 Soles
1007 3159 1054 3196 nos
1065 3146 1277 3198 nescire-interitus
1288 3147 1413 3208 Nereidos,
1425 3149 1515 3198 Oceani

964 3235 1032 3296 liliae,
1044 3238 1144 3287 tuorum
1157 3235 1271 3286 dolorum
1284 3249 1412 3286 manemus
1422 3234 1561 3299 halcyones.

1106 3377 1156 3421 152.
1174 3373 1323 3421 AGATHIAE
1339 3375 1551 3424 senonnst'lct.

934 3492 995 3540 ilaec
1005 3491 1063 3540 olim
1073 3491 1139 3542 clara
1153 3492 1242 3542 Priami
1255 3490 1324 3552 urbs,
1334 3505 1408 3556 quam
1422 3505 1561 3556 expugnare

966 3581 1108 3630 Graecorum
1120 3580 1229 3632 decenne
1239 3595 1287 3632 non
1297 3581 1415 3631 sustinuit
1423 3581 1516 3631 bellum

936 3741 1031 3790 Excidit
1047 3741 1092 3792 lroc
1107 3744 1179 3792 etiam
1194 3757 1263 3806 grege
1276 3759 1394 3808 paupere;
1412 3760 1514 3809 namque
1525 3745 1652 3808 juvencam
1728 3753 1730 3758 '

969 3830 1067 3887 Partus,
1081 3843 1150 3876 ouem
1164 3827 1245 3876 necuit
1257 3827 1329 3875 derrte
1344 3841 1430 3892 rapace
1443 3828 1522 3892 lupus.

936 3910 1023 3960 luielix
1038 3911 1149 3975 laqueum
1162 3927 1225 3976 pene
1237 3910 1283 3959 sihi
1296 3909 1389 3959 curcula
1404 3910 1475 3971 iecit,

971 3997 1033 4042 Duru
1048 3995 1099 4043 sirie
1114 3995 1196 4043 halatu
1212 3994 1287 4043 nescit
1298 3994 1362 4043 ovile
1376 3995 1435 4059 pati.

1233 4145 1287 4192 151.
1307 4158 1423 4190 uuonan.

937 4277 1007 4325 Nunc
1025 4273 1066 4323 uhi
1080 4273 1192 4323 sublimes
1207 4274 1316 4324 tollentia
1328 4273 1414 4323 moenia
1428 4283 1515 4340 turres,

971 4364 1001 4408 Et
1013 4359 1094 4410 leudes
1108 4368 1132 4407 et
1144 4374 1218 4424 opes,
1233 4358 1292 4407 Dori
1302 4356 1433 4419 Corintho,
1448 4362 1512 4407 trice?

938 4445 1011 4492 Nunc
1024 4441 1065 4490 nbi
1077 4440 1192 4507 Sisyphia
1206 4451 1293 4490 matres
1307 4451 1332 4490 et
1345 4441 1411 4490 mille
1424 4440 1531 4489 virorum

971 4524 1085 4589 Agmina,
1102 4532 1187 4588 totquc
1201 4523 1286 4572 domus
1296 4503 1425 4587 saussaqne
1439 4523 1526 4588 templa
1543 4524 1638 4572 Dedin?

938 4611 1070 4658 Tantorum
1084 4608 1197 4657 decomru
1213 4607 1309 4673 uestigia
1324 4608 1389 4655 nulla
1402 4616 1546 4672 supersunt,

971 4692 1058 4742 Omnia
1070 4691 1178 4757 corrupit
1189 4691 1274 4740 Martis
1285 4691 1371 4740 acerba
1381 4691 1440 4740 lues.

938 4779 998 4828 Solee
1013 4785 1127 4826 restamus
1139 4775 1238 4840 geminis
1252 4775 1369 4826 Nereides
1381 4774 1463 4832 undis,

972 4863 1053 4924 Teque
1069 4860 1133 4907 relrrt
1147 4859 1235 4906 inoestte
1249 4857 1381 4922 plangimus
1395 4855 1522 4920 Alcyones.

1147 5007 1203 5056 152.
1221 5021 1335 5054 AGATttlrtt
1352 5019 1513 5055 senocasrrcr.

940 5140 1004 5190 Urbs
1019 5153 1061 5201 ego
1074 5153 1127 5187 aum
1141 5137 1245 5197 Priami,
1261 5153 1332 5203 quarn
1346 5137 1440 5186 sincere
1454 5138 1525 5203 Grnja
1540 5154 1583 5204 pm
1594 5152 1668 5186 arrrros

973 5227 1047 5272 Arma
1059 5222 1140 5272 decem
1156 5231 1222 5271 certe
1236 5237 1284 5270 uon
1297 5221 1391 5272 valuere
1403 5224 1481 5290 palam
1496 5235 1503 5272 τ
