3746 5910
611 499 650 558 m
671 497 796 560 curor
816 501 857 560 m
877 499 1106 588 auuornrro.
1606 517 1662 575 ror

89 631 171 698 χνσρθῦι
180 629 215 677 τὸν
224 625 302 687 ἐχθρὸν
316 626 475 688 περιέσκεπον,
493 625 574 688 ἀρετῆς
589 631 630 677 καὶ
640 629 711 690 τύχης
728 629 840 679 tuterunt·
885 629 945 694 jom
953 630 1053 698 Septim
1064 649 1127 684 rixo
1140 636 1304 688 meditantur
1315 651 1380 688 arcu
1391 639 1488 690 Cedere
1503 645 1612 704 correpte,
1624 649 1666 694 ubi

90 702 187 766 ρςισςτὴν
196 697 317 759 εὐμένειαν·
331 695 407 745 rerba
419 698 478 747 sunt
487 696 597 761 Theoph.
611 697 753 749 simocattae
762 698 839 763 Epist.
886 701 943 752 intt.
957 722 970 748 ν
987 707 1041 754 Jac.
1054 704 1116 754 itale
1125 704 1218 754 Roirin.
1235 709 1391 768 κεκλασμένα.
1407 737 1437 750 -
1452 713 1464 758 4
1485 710 1578 774 Καίσαρ
1592 713 1664 774 θοαί,

88 766 374 832 χχ-νμιγιιςηρωςΡΙαν.
384 765 425 818 Sic
436 766 748 833 vitabiturrcpetitiorocis
758 770 838 828 πολύς.
886 774 915 821 ut
928 773 999 822 solet.
1010 792 1022 816 τ
1034 773 1125 824 Boirln.
1139 779 1256 836 πατρῷον.
1266 777 1418 827 Sensusesse
1429 777 1526 828 ridetur
1536 794 1542 821 =
1551 781 1584 830 ab
1593 785 1666 831 nouo

87 844 124 892 snt
132 839 204 892 statim
215 835 300 887 redibit
314 837 395 898 μέγας.
411 855 423 880 ν
438 839 470 887 Β.
484 841 576 890 Omnes
593 840 642 900 κήκ
651 841 740 894 νεκύων
751 840 781 900 θ’,
795 854 841 891 no·
887 841 911 891 et
927 845 1040 905 paterno
1056 845 1165 894 initium
1181 844 1267 908 socios
1281 849 1388 896 oriente.
1408 867 1419 890 ν
1435 850 1467 898 Β,
1486 849 1558 899 Haud
1576 851 1665 908 dubie,

85 917 139 962 tante
151 907 276 966 schelero,
293 909 406 970 oportere
424 910 468 959 aut
481 909 509 959 iu
519 913 562 960 aut
574 911 620 970 κήκ
634 910 686 961 sine
698 912 727 961 δ’.
740 911 843 962 Bothius
863 913 865 930 “
887 913 932 963 sed
944 927 994 978 quo
1007 913 1149 965 reserenda?
1163 914 1200 965 ad
1214 917 1341 979 Trojanam
1353 916 1384 966 ab
1396 921 1472 969 AEnea
1488 922 1514 969 ct
1528 921 1581 970 iulo
1594 921 1666 986 origi·

85 995 138 1046 ,epe
150 979 343 1042 mmmeutem
352 981 470 1058 mortuis.
483 1005 514 1017 -
528 981 623 1038 ῦασπὶς
637 997 677 1041 μοι
687 981 765 1044 Pion,
778 985 804 1032 et
817 981 843 1032 in
863 931 866 1036 i
886 997 942 1035 nem
957 985 1060 1035 tortasse
1080 985 1225 1049 respicitur,
1244 986 1289 1037 sed
1313 987 1373 1050 quid
1393 988 1439 1038 sibi
1462 990 1516 1039 uult
1535 991 1617 1054 ἄρξειε
1637 1022 1668 1033 .-

85 1055 123 1102 tim
135 1051 181 1114 ἔρρε
195 1050 222 1097 τὰ
237 1049 326 1110 preter
342 1061 435 1111 primas
452 1047 523 1100 editt.
537 1075 568 1086 -
580 1059 594 1101 o
607 1052 670 1110 κήεω
686 1050 757 1112 cod,
775 1065 841 1104 corr.
887 1060 911 1106 5.
927 1073 939 1096 ι
951 1055 1083 1118 Imperium
1098 1058 1235 1106 itomanam
1251 1056 1371 1120 uvidique
1385 1059 1482 1109 oceano
1494 1059 1667 1111 circumituum

82 1125 132 1178 θνα,
144 1121 186 1178 ἥξω
199 1121 224 1169 et
237 1117 305 1167 utem
315 1118 384 1169 Plan.
886 1123 912 1176 in
935 1128 1008 1192 poeta
1023 1123 1123 1176 domino
1147 1125 1263 1176 adulante
1285 1141 1335 1176 non
1360 1128 1533 1193 urgendum.»
1554 1132 1612 1181 Jec.
1636 1159 1668 1168 -

887 1194 1007 1256 ῦὴελένωι
1018 1195 1089 1260 cod,
1101 1209 1165 1246 corr.
1179 1196 1280 1247 salinas.

106 1259 218 1311 ccxciv.
232 1260 332 1308 Lemma
349 1277 355 1308 ε
367 1259 399 1314 είς
411 1260 452 1310 τὸν
464 1259 536 1311 αὐτὸν
550 1261 670 1310 Λεωνίδαν
680 1261 744 1324 παρὰ
752 1261 839 1326 Ξέρξου

79 1335 167 1395 τορρυρῇ
178 1327 264 1391 χλανίδι
280 1327 458 1391 σκεπαῑόμονον
468 1331 508 1380 καὶ
524 1331 557 1392 μὴ
569 1331 703 1393 δεχόμενον.
720 1331 843 1394 Loquitur
918 1333 1071 1382 ccxcvtlt.
1082 1333 1183 1382 Lemma
1197 1345 1204 1380 t
1215 1334 1246 1390 είς
1255 1351 1306 1382 τινα
1313 1335 1407 1397 τυρλόν,
1417 1335 1443 1391 ὃς
1452 1333 1552 1386 ἀνελθὼν
1564 1339 1595 1394 εἷς
1609 1338 1636 1388 τὸ
1646 1339 1669 1386 ἐν
1772 1353 1774 1364 ’

82 1406 141 1451 Persa
155 1413 168 1449 2
181 1401 256 1449 Xerxe
271 1398 378 1460 missus:
396 1399 530 1464 respondet
551 1399 679 1451 Leonidas.
694 1428 725 1438 -
742 1408 751 1451 t
772 1404 842 1450 τᾶνδε
888 1406 999 1454 Ἐλευσῖνι
1014 1405 1087 1467 ἱερὸν,
1099 1409 1140 1462 τῆς
1153 1406 1243 1461 τελετῆς
1264 1408 1397 1467 γινομένης,
1419 1405 1551 1470 driuidum,
1570 1409 1629 1469 όμοῦ
1643 1409 1668 1456 δὲ

79 1471 159 1528 leutius
174 1468 233 1520 cod.
248 1476 306 1520 -2
322 1471 445 1534 Papiriou:
463 1473 520 1535 post
543 1471 694 1535 scaligerum
716 1471 842 1522 Heciterus
887 1477 979 1536 μετεῖχε
991 1479 1039 1522 τῶν
1050 1476 1191 1536 μυστηρίων.
1207 1476 1235 1524 Iu
1245 1475 1417 1536 mergerem:
1425 1477 1501 1526 καὶσὺ
1517 1479 1669 1540 βλέψαις,υίἐ

80 1547 95 1602 Ι,
107 1557 128 1607 p.
140 1546 180 1592 245
192 1555 199 1587 ε
212 1559 224 1583 ι
245 1553 303 1592 nam
318 1541 343 1591 in
361 1543 447 1606 prelio
468 1544 565 1592 eruetuit
579 1545 671 1593 Xerxes
692 1541 840 1602 Leonidam,
885 1548 933 1591 τῶν
944 1543 1108 1602 stevartium
1123 1543 1190 1608 (sic)
1203 1546 1234 1600 ὡς
1244 1545 1257 1592 ὁ
1267 1545 1290 1592 ἐν
1303 1545 1420 1594 Ἐλευσῖνι
1429 1549 1520 1608 τυφλὸς.
1531 1550 1561 1597 Et
1575 1547 1607 1597 ad
1618 1562 1642 1598 ν.
1656 1555 1667 1597 2

78 1614 115 1664 sed
130 1617 180 1676 post
193 1612 320 1663 victorium
336 1612 524 1664 rictirirtutem
538 1613 700 1664 admiratur.
714 1612 843 1674 »siquas
887 1614 940 1677 (ap.
954 1613 1029 1663 Salm.
1050 1612 1082 1663 ad
1103 1627 1126 1662 v.
1141 1617 1170 1674 4)
1185 1628 1192 1658 =
1208 1618 1239 1670 είς
1259 1617 1344 1677 τυφλὸν
1365 1618 1460 1681 ψεῦσμα
1483 1619 1622 1680 παράδοξον.
1636 1645 1668 1654 -
1698 1659 1701 1666 .

76 1683 158 1735 iactis.
171 1704 198 1733 rr
206 1683 294 1734 suidas
304 1698 327 1733 r.
337 1686 417 1748 ταρόεῐ
427 1699 433 1728 2
444 1687 508 1747 παρὰ
516 1686 728 1749 Σοροκ>εῖταρόεῑν
739 1686 788 1735 ἀντὶ
800 1690 842 1734 τοῦ
889 1689 910 1734 i.
922 1684 1022 1742 Βὲόηίος
1035 1685 1166 1744 structum,
1178 1687 1207 1735 ut
1230 1684 1272 1746 m,
1285 1685 1492 1747 quemadmodum
1507 1701 1669 1751 synonymum

76 1762 140 1818 τιμᾶν.
150 1755 186 1804 sic
197 1755 254 1806 OEd.
270 1757 322 1806 Col.
334 1760 389 1818 293,
399 1756 444 1807 ubi
455 1769 480 1806 r.
491 1755 547 1806 intt.
564 1776 577 1800 ν
591 1755 661 1806 Adde
671 1756 737 1807 dicta
752 1755 785 1806 ad
795 1758 839 1816 Vl,
886 1757 1003 1820 ἀμύητος,
1013 1769 1070 1806 cum
1084 1755 1198 1820 genitivo.
1211 1782 1245 1792 -
1265 1763 1280 1808 2
1299 1757 1369 1819 μόνον
1384 1757 1455 1819 Cod,
1471 1763 1537 1810 recte
1558 1761 1623 1810 Plan.
1639 1789 1670 1802 -

75 1841 106 1889 ep.
116 1829 149 1884 97,
164 1835 185 1877 ο.
199 1853 229 1863 -
244 1830 259 1876 3
274 1828 323 1890 ἔχει
334 1829 402 1877 Plan.
422 1827 532 1876 «Oratio
545 1828 609 1877 elata
618 1840 664 1890 per
676 1826 795 1890 asyndetus
810 1827 842 1876 ad
886 1832 909 1877 3.
923 1827 997 1876 ceres
1013 1829 1039 1876 ct
1048 1825 1202 1888 Proserpina.
1227 1830 1284 1876 -4
1301 1847 1312 1868 τι
1327 1828 1410 1877 Νυκτί.
1431 1829 1512 1880 Schol.
1534 1833 1585 1880 We
1607 1830 1671 1896 Ἀρι-

74 1897 215 1947 imitationem
225 1897 372 1947 Laconismi.
395 1920 406 1940 ν
424 1901 483 1948 luc.
499 1900 561 1947 nctt.
577 1910 639 1946 mss.
652 1927 682 1936 -
692 1901 717 1946 i.
732 1916 743 1939 o
757 1897 840 1946 Ἐντά-
886 1913 954 1956 οτορ.
970 1895 1096 1958 Βατράχοις
1109 1895 1193 1958 (337)·
1216 1897 1322 1958 «Ἴακχ’,
1336 1899 1356 1946 ὦ
1371 1899 1467 1960 Ἴακχε,
1482 1903 1592 1960 νυκτέρου
1607 1907 1669 1953 τελε-

74 1967 203 2029 ριτν.5οθοί.
218 1967 250 2016 ati
266 1967 382 2019 Philostr.
393 1967 491 2017 Heroic.
500 1981 524 2030 p.
539 1974 581 2018 om
598 1983 603 2016 :
618 1969 713 2030 ἐντάφια
723 1968 752 2014 τὰ
763 1968 800 2014 ἐπὶ
813 1971 841 2028 τῇ
887 1973 927 2026 τῆς
937 1971 1057 2031 ρωσρόρος
1067 1967 1141 2030 ἀστήρ
1151 1984 1174 2016 ν.
1191 1966 1232 2016 Ἐν
1243 1971 1308 2018 νυκτὶ
1320 1971 1364 2030 γὰρ
1375 1969 1447 2030 ἤγετο
1457 1972 1486 2018 τα
1503 1974 1629 2036 μυστήρια.
1637 1999 1671 2012 -

74 2045 124 2102 aree
135 2039 238 2100 γινόμενα
246 2038 383 2099 πράγματα.
395 2037 433 2088 Ibi
447 2040 473 2088 et
483 2050 536 2101 ego.
550 2037 618 2086 Adde
637 2036 791 2085 Wemsdort.
810 2035 842 2085 ad
887 2041 988 2096 οδηισῦς
1000 2038 1060 2087 eod.
1074 2039 1165 2088 Eadem
1179 2038 1303 2088 locutione
1317 2039 1396 2089 utitur
1405 2043 1494 2091 AEneas
1511 2044 1566 2092 Gaz.
1580 2059 1603 2106 p.
1619 2048 1649 2094 44
1662 2060 1668 2088 :

74 2110 151 2160 iiimer.
161 2123 184 2173 p.
192 2113 250 2168 78²3
262 2108 393 2159 saturnin
404 2107 512 2160 Classico
521 2107 603 2157 Dianio
612 2111 631 2157 t.
642 2108 707 2167 xlii,
723 2119 747 2170 p.
760 2110 816 2157 toa.
828 2125 840 2148 ν
885 2112 914 2157 τὰ
928 2115 969 2158 τοῦ
984 2112 1036 2158 θεοῦ
1054 2112 1173 2173 κηρύττειν
1187 2109 1262 2172 όργια.
1282 2131 1293 2153 ν
1313 2113 1342 2160 B.
1362 2119 1420 2162 -ῦ
1437 2112 1525 2174 ὄμματι
1542 2117 1670 2180 τρανοτὲρεμ

75 2182 99 2229 B.
109 2207 134 2216 -
144 2187 157 2231 θ
169 2179 273 2229 mermi
286 2182 312 2230 et
325 2178 454 2242 ἐλευθερίης
467 2177 529 2229 cod.
887 2181 953 2229 l‘lan.

97 2319 198 2369 GCXGV.
211 2319 314 2368 ummo
323 2337 330 2366 ι
340 2318 378 2368 tat
393 2317 460 2381 ίσττῳ
470 2317 584 2381 bruriaco
595 2318 627 2380 μὴ
639 2314 776 2380 βουλομένῳ
790 2317 841 2365 sle·
918 2321 1047 2370 ccxcix.
1061 2323 1162 2370 Lemma
1178 2339 1185 2370 ε
1203 2323 1236 2376 είς
1249 2321 1347 2382 ταύρους
1366 2323 1475 2377 ἕλκοντας
1492 2329 1549 2373 ναῦν
1567 2325 1631 2388 παρὰ
1644 2326 1670 2376 τό

72 2392 132 2439 :lua
144 2388 166 2438 ίν
177 2389 222 2446 νηί.
235 2414 269 2425 -
281 2394 303 2438 t.
316 2388 458 2439 Accusatirl
476 2388 583 2452 pendent
603 2402 617 2438 a
637 2389 718 2449 θείμῦει
733 2402 757 2439 ν.
773 2392 796 2436 3.
811 2415 841 2424 -
888 2392 961 2453 ῥεῦμα
977 2395 1019 2439 τοῦ
1034 2397 1151 2452 ποταμοῦ.
1169 2410 1182 2434 τι
1196 2393 1250 2440 lion
1268 2391 1398 2440 trahebant
1414 2405 1510 2453 narem,
1528 2393 1571 2442 sed
1584 2398 1645 2444 rete.
1659 2416 1670 2438 ι

71 2458 242 2509 uibundmtia
260 2458 438 2520 hieremiam
457 2458 524 2522 apud
551 2462 694 2509 Homerum.
709 2468 774 2510 —o.
789 2460 842 2507 Κεῖ-
889 2463 968 2510 troius.
985 2481 996 2503 τι
1015 2461 1071 2511 istri
1091 2462 1182 2511 accolae
1203 2460 1283 2510 bobus
1301 2460 1332 2510 ad
1351 2461 1472 2522 ejusmodi
1491 2465 1616 2526 negotium
1635 2467 1671 2515 uti

71 2534 131 2590 σθαι,
141 2529 228 2593 tuipse
239 2528 489 2582 teraturrehaturse.
887 2535 969 2582 narrat
987 2532 1098 2581 AElianus
1110 2534 1139 2581 N.
1156 2539 1185 2582 A.
1198 2533 1264 2588 xiv,
1281 2539 1320 2581 25.
1339 2532 1492 2596 Lampridius
1506 2533 1538 2584 de
1556 2535 1670 2600 Helioga-

887 2601 943 2650 balo
958 2616 980 2651 c.
992 2607 1020 2652 24
1039 2615 1046 2646 =
1061 2605 1146 2666 pisces
1165 2616 1199 2652 ee
1212 2605 1322 2652 tricarim
1335 2605 1389 2652 suis
1402 2603 1485 2654 bubus
1504 2607 1597 2655 traxit.
1616 2625 1629 2649 ν
1641 2633 1672 2642 -

94 2669 380 2723 θονθἪ.1.ονιναιεἰς
393 2668 495 2717 Σκύλλαν
508 2669 549 2716 τὸν
561 2667 602 2722 τὰς
611 2665 713 2731 ἀγκύρας
727 2671 773 2714 τῶν
783 2669 844 2728 Περ
888 2678 910 2722 1.
922 2675 1100 2735 Πρηοτέισντει,
1116 2676 1274 2724 mansuetum
1287 2675 1376 2723 collum
1393 2673 1452 2738 jugo
1467 2674 1577 2738 prebere
1590 2676 1670 2732 solitu

70 2745 194 2790 στκῦννεῶν
203 2739 287 2791 νυκτὸς
301 2737 466 2800 isauriensis.
479 2757 490 2780 u
502 2737 613 2798 Scyiius,
628 2749 701 2802 quem
715 2740 740 2787 et
752 2737 842 2800 Scyllia
886 2743 987 2797 τένοντες
1003 2743 1069 2792 enim
1082 2741 1219 2793 decurrite
1231 2743 1336 2807 proprie.
1350 2741 1451 2806 [Ταῦροι
1466 2762 1542 2810 τρηχ
1550 2747 1671 2795 υτὲνον-

70 2817 181 2866 romntei
201 2813 334 2878 Scylliam.
351 2814 462 2863 minator
475 2813 586 2862 ornoium
606 2827 658 2862 sum
673 2814 754 2863 utatis
776 2828 841 2877 prro·
886 2829 933 2868 τες
961 2811 1117 2862 scribendum
1141 2813 1268 2863 'existimat
1296 2813 1422 2863 lleclrerus
1448 2817 1469 2872 l,
1495 2827 1519 2876 p.
1546 2814 1620 2878 teu]
1640 2839 1671 2851 -

70 2885 228 2945 amissimus,
243 2897 326 2947 quum
341 2881 640 2933 Persarumclassiscirca
654 2884 735 2932 Pelion
755 2884 839 2933 statio·
863 2883 866 2924 l
888 2889 912 2932 3.
930 2884 1054 2947 Ἀσίῦηρτν,
1070 2897 1117 2932 non
1131 2898 1230 2934 uolnere
1246 2883 1337 2944 terreo,
1361 2886 1390 2932 ut
1410 2882 1437 2932 in
1457 2883 1535 2945 agris,
1556 2884 1670 2933 ductum.

69 2955 229 3012 commueret,
246 2957 396 3017 tempestate
408 2957 505 3014 exorta,
518 2967 568 3003 una
581 2967 638 3003 cum
661 2953 711 3003 ulia
732 2955 757 3003 in
771 2968 841 3004 mare
886 2954 981 3016 Ἄμφω.
996 2955 1053 3016 quia
1062 2953 1182 3017 duo'jugo
1193 2954 1281 3016 juncti.
1293 2956 1347 3000 -4
1360 2958 1505 3014 perpauper
1516 2950 1580 3014 (sic)
1592 2953 1671 3010 Plan..

68 3024 208 3075 tetendisse
219 3027 245 3074 et
258 3023 358 3074 ancoris
369 3024 457 3074 solutis
479 3023 595 3087 plurimas
607 3037 682 3073 nares
695 3023 840 3086 pessumde-
887 3025 916 3072 ut
930 3023 963 3073 stt
973 3030 1121 3086 μακροτενῶν
1135 3023 1217 3086 potius
1232 3037 1305 3086 quam
1320 3025 1476 3087 μακροτέρων.
1491 3023 1670 3086 Longissimum

68 3094 125 3146 disse
134 3098 253 3146 narratur.
273 3098 333 3145 Rem
347 3098 524 3145 commemorat
542 3094 675 3144 Pausanias
694 3097 723 3154 x,
742 3099 777 3154 29,
793 3109 840 3142 noo
887 3094 970 3144 tranem
991 3094 1093 3144 trallunt
1107 3109 1203 3158 sugente
1223 3094 1355 3157 alligatum.
1372 3100 1435 3143 -ῦ,
1460 3091 1505 3141 Ἐκ
1520 3109 1601 3156 σταχ..
1614 3099 1670 3156 post

69 3166 118 3215 item
125 3165 266 3216 Herodotus
276 3168 344 3223 Vlli,
355 3169 379 3224 8,
394 3165 478 3230 quide
487 3162 642 3215 hochomina
654 3163 732 3212 multa
746 3166 841 3226 ψευδέσι
888 3179 988 3228 operam
1001 3166 1067 3229 agris
1081 3166 1227 3229 impensam.
1242 3193 1274 3202 —
1294 3173 1308 3214 o
1324 3166 1364 3213 κέν
1383 3163 1455 3223 cod.;
1474 3165 1518 3211 utu
1532 3164 1611 3226 Plan,
1625 3164 1667 3222 κήν

69 3238 136 3286 elusio
147 3236 239 3288 narrari
256 3235 303 3287 ait.
327 3236 420 3287 Plinius
439 3239 534 3296 XXXV,
549 3239 589 3296 39,
602 3238 641 3294 92,
656 3233 747 3283 tabulre
769 3235 841 3296 pictm
887 3236 991 3284 brutuel.
1017 3236 1157 3285 meminisse
1183 3237 1265 3298 potest
1292 3233 1408 3284 borneriri
1434 3233 1510 3284 moris
1535 3236 1670 3297 ἀτρυγέτου.

67 3309 201 3359 rrrentioncm
215 3308 291 3368 iacit,
306 3308 419 3370 Scylliam
429 3319 532 3357 ancoras
544 3305 648 3356 Persicae
658 3304 744 3354 classis
755 3305 843 3368 praeci·
888 3305 1025 3354 Piscatores
1034 3319 1073 3369 ap.
1090 3307 1177 3356 ntlren.
1191 3309 1218 3365 X,
1230 3318 1255 3367 p.
1269 3308 1324 3364 422,
1341 3313 1378 3355 A:
1392 3304 1512 3354 θάλασσαν
1521 3307 1584 3364 τήνδ’
1596 3307 1667 3368 ἀροῦ-

68 3377 154 3429 dentem
165 3377 378 3443 mpraesentsntis.
393 3397 406 3422 ν
419 3379 476 3427 Joe.
486 3383 538 3426 —2
553 3377 637 3434 ἤλαυνε
647 3379 673 3425 ct
682 3377 840 3438 superaptari.
888 3387 937 3435 μιν·
949 3375 976 3422 ἐκ
991 3377 1075 3433 ταύτης
1088 3377 1147 3439 βίος.
1167 3395 1178 3420 ι
1196 3378 1253 3427 tue.

67 3477 92 3488 -
102 3451 115 3498 3
125 3453 198 3512 νιρῆος
215 3447 293 3507 θοός
304 3448 449 3505 θποπ).ώαας
461 3449 530 3497 Plan.
546 3475 574 3482 -
583 3451 607 3496 i.
625 3465 637 3488 u
648 3445 747 3507 Ὀρμσκ
761 3446 842 3495 schol.

69 3520 117 3566 ll‘.:
134 3520 225 3580 κάλων,
248 3519 379 3583 εὐστόχως·
404 3523 426 3567 οἱ
442 3519 487 3582 γὰρ
507 3518 650 3581 κῶῳμόνοι
666 3518 735 3565 airum
749 3523 790 3566 τοῦ
804 3519 843 3574 τὰς
918 3513 987 3561 CfC.
1005 3515 1168 3569 Lemmarek
1178 3516 1308 3571 πευκὲατην
1318 3517 1402 3576 ταῦρον
1411 3514 1451 3562 τόν
1465 3513 1608 3575 καλούμενον
1618 3515 1672 3574 tiu·

66 3591 285 3652 νσῦςλιμενίζεσθαε.
304 3611 316 3632 ιι
331 3592 363 3639 B.
382 3593 486 3640 Pausen.
503 3589 520 3639 l.
534 3603 568 3638 c.:
585 3589 627 3642 τάς
639 3605 665 3636 τε
678 3587 788 3651 ἀγκύρας,
802 3591 841 3637 uzi
888 3583 940 3642 ὅρον
952 3585 1118 3642 κογχενσαντα·
1130 3584 1164 3636 τίς
1178 3583 1202 3631 δὲ
1214 3584 1228 3631 ὁ
1240 3584 1370 3638 rectiora:
1385 3585 1429 3632 οὐκ
1443 3584 1505 3632 οἶδα.
1519 3603 1531 3626 u
1549 3587 1592 3633 ust
1605 3587 1669 3634 Peu-

67 3663 83 3708 εἰ
94 3661 119 3716 δή
129 3678 150 3708 τι
161 3663 218 3711 ullo
233 3662 310 3724 ἔρυμα
323 3666 374 3716 ταῖς
387 3662 502 3724 τριήρεσιν
517 3659 555 3720 ὴν,
571 3661 715 3721 ῦρέλκαντες.
731 3684 762 3692 -
777 3665 791 3708 5
804 3661 842 3708 iol
887 3657 967 3703 cestcs
981 3667 1069 3703 nomen
1088 3654 1211 3718 proprium
1229 3654 1361 3704 venatoris.
1383 3654 1475 3704 Gallice
1497 3655 1572 3705 uertit
1595 3657 1663 3719 epigr

66 3737 102 3789 γῆν
114 3731 208 3782 cadet
224 3729 316 3790 coisse
333 3729 410 3780 ceteri
427 3731 464 3780 ἐπὶ
478 3735 520 3790 γῆς
537 3742 595 3778 cum
613 3727 681 3777 Plan.
704 3747 716 3771 ιι
734 3729 842 3788 Ἄκανθος
887 3725 918 3773 ad
934 3725 1058 3774 Chariton.
1073 3728 1092 3775 t.
1104 3728 1137 3785 ll,
1155 3739 1180 3789 μ.
1200 3729 1257 3785 273,
1275 3724 1427 3786 Larchenm,
1441 3725 1483 3789 qui
1498 3739 1523 3775 ν.
1537 3731 1547 3775 2
1559 3728 1672 3778 uulrnic·

62 3801 202 3866 lungendum
215 3814 278 3852 eum
305 3801 418 3862 eliopeto
432 3818 440 3850 ι
452 3799 598 3863 insontium
617 3802 647 3849 ln
664 3799 782 3860 modum,
799 3801 842 3865 ᾰρ-
887 3795 920 3844 nii
938 3797 1104 3858 coniecturam
1117 3799 1232 3860 peristep
1252 3797 1352 3860 probat,
1371 3801 1397 3848 et
1412 3811 1438 3848 ν.
1458 3803 1472 3848 3
1494 3798 1671 3850 Dorrlllisnum

66 3873 134 3932 lou.
152 3872 280 3937 quomodo
293 3872 400 3935 explicat
418 3872 495 3922 schol.
519 3869 595 3934 soph.
621 3869 657 3934 ij.
678 3875 733 3921 ste.
755 3889 767 3913 ι
783 3871 840 3921 tue.
887 3869 1000 3930 πρηστὴρ.
1012 3887 1024 3909 ν
1037 3870 1068 3916 Β.
1081 3869 1117 3916 De
1130 3867 1288 3917 nobilissimis
1298 3867 1375 3917 tauris
1385 3868 1569 3919 Pecoli-uvido
1583 3872 1614 3920 ad
1628 3873 1670 3928 vl,

66 3941 129 3999 Quod
145 3943 228 3994 nescio
250 3956 284 3993 an
306 3943 424 4005 cuiquam
446 3941 527 4006 possit
548 3939 701 3991 satisfacere.
725 3943 801 3990 Poeta
821 3941 841 3992 sl
886 3949 925 3998 ep.
942 3941 993 3986 224.
1012 3967 1040 3976 -
1059 3945 1079 3987 2.
1094 3937 1216 3996 Deterior,
1230 3937 1289 3987 urbs
1301 3938 1411 3988 Paeonire.
1425 3942 1482 3987 -9
1495 3945 1582 4000 πρειτῖιν
1597 3940 1671 3996 cod..

64 4011 151 4075 serpet
165 4014 253 4076 Περσίς
271 4013 386 4068 ἄναυδος,
405 4009 557 4074 intelligebat
580 4011 683 4059 classem
705 4013 731 4058 et
751 4021 840 4070 nates,
877 4007 1148 4072 ,correxitllerhrgma
1166 4009 1245 4071 poetis
1263 4009 1294 4058 de
1309 4009 1417 4058 maxima
1431 4010 1494 4058 rnole
1507 4010 1615 4060 irruente
1631 4013 1668 4060 uel

63 4096 112 4144 que
122 4085 174 4134 erat
183 4085 273 4134 Persis
289 4085 382 4141 muta,
398 4081 520 4131 exercitus
535 4094 595 4130 uero
613 4081 698 4142 Περσὶς
710 4081 841 4138 αὐδήεσσα,
887 4080 967 4129 stante
981 4081 1061 4140 πρηὼν
1075 4078 1124 4128 diei
1142 4079 1213 4141 plene
1225 4077 1311 4127 docuit
1329 4081 1381 4127 lac.
1399 4081 1435 4128 De
1452 4079 1548 4141 syntaxi
1559 4080 1623 4128 conl.
1639 4080 1669 4132 ad

63 4156 158 4217 utraque
170 4153 295 4204 Graeciam
310 4151 437 4202 invadens.
457 4151 498 4201 Sic
511 4150 578 4201 sedes
592 4150 660 4200 urbis
673 4149 722 4199 dici
738 4153 842 4213 possunt
887 4163 925 4212 cp.
946 4157 1000 4211 tto,
1016 4153 1040 4199 7.
1051 4177 1079 4184 -
1089 4153 1103 4198 4
1114 4149 1157 4209 ἧκε
1168 4149 1206 4196 διὰ
1220 4151 1340 4210 spurious
1353 4149 1430 4208 cod..
1445 4163 1509 4198 corr.
1526 4149 1627 4198 Salmas.
1639 4176 1672 4186 -

62 4226 149 4282 ιἰντοῦος
164 4225 242 4286 ποῦις,
254 4223 327 4274 urbis
344 4225 429 4273 antem
450 4225 494 4273 aot
507 4221 591 4286 populi
607 4220 705 4270 nomine
719 4219 780 4269 satis
792 4219 841 4270 tre·
887 4227 910 4270 5.
934 4223 971 4270 De
989 4219 1084 4283 poculis
1100 4232 1128 4269 er
1144 4218 1232 4268 horum
1247 4221 1377 4268 taurorum
1397 4219 1514 4270 cortibus
1535 4220 1669 4280 contectis,

63 4298 156 4356 ouentm
168 4294 280 4346 afficitur
298 4293 405 4345 emissus
418 4292 492 4344 abeo
506 4293 638 4343 exereitus.
652 4317 685 4329 -
703 4299 726 4341 ο.
750 4311 762 4334 τι
777 4290 841 4341 The·
885 4301 1068 4352 nonnumquam
1085 4287 1277 4352 pregrandibus,
1288 4288 1366 4338 multa
1386 4288 1476 4339 Athen.
1489 4291 1520 4339 xl
1528 4327 1534 4350 ,
1550 4303 1574 4351 p.
1588 4293 1634 4340 47ο
1646 4296 1671 4340 et

64 4366 188 4417 tribucum
200 4365 281 4430 igitur
294 4363 453 4429 Apollonides
466 4363 564 4426 putavit
582 4360 704 4413 excitasse
722 4362 840 4425 Scyllum,
886 4362 941 4410 tea.
957 4385 987 4395 -
998 4367 1012 4410 u
1023 4361 1114 4415 κόμπον
1129 4359 1161 4420 μὴ
1175 4361 1224 4406 θαν.
1246 4356 1319 4417 cm,
1330 4371 1388 4407 oum
1403 4358 1562 4408 dubitationis
1575 4360 1669 4411 nomin

63 4440 86 4484 ut
96 4437 186 4488 larinus
197 4435 266 4487 iilud
278 4435 462 4500 aggrederetur.
472 4436 584 4484 Fuerunt
593 4433 698 4483 tortasse
709 4445 740 4482 ex
754 4432 841 4482 Atticis
885 4441 972 4491 mauge.
983 4431 1031 4491 ἔχει
1044 4430 1155 4490 Guyetus
1165 4429 1191 4477 ei
1204 4426 1324 4490 iieringa3
1338 4427 1430 4488 κόμπον
1446 4429 1476 4477 ἵει
1487 4429 1583 4486 Sladus,
1601 4432 1669 4493 qood

64 4507 230 4570 emptoribus,
246 4506 294 4571 qui
308 4519 361 4557 rem
370 4506 395 4555 in
408 4505 579 4556 Themistoclis
593 4504 692 4555 laudem
702 4503 841 4564 trauersum
887 4497 996 4560 nimime
1011 4497 1106 4548 aecum
1119 4496 1152 4547 id
1166 4498 1209 4560 μή,
1220 4499 1246 4547 ei
1259 4510 1311 4560 urae
1322 4497 1400 4548 aliero
1412 4497 1488 4561 recipi
1502 4498 1619 4552 debuisse
1629 4514 1667 4550 ar-

62 4576 121 4628 ticul
139 4578 179 4628 alii
192 4579 309 4638 Boream,
330 4576 363 4627 ab
381 4575 573 4627 htlreniensibus
591 4575 743 4633 invocatum,
760 4573 841 4624 Persis
884 4568 970 4618 bitror.
981 4569 1044 4618 lacu
1056 4588 1068 4612 ι
1079 4571 1171 4634 ἐχθροῦ,
1182 4568 1241 4631 quia
1250 4571 1337 4619 taurus
1349 4571 1483 4620 Peucesten
1494 4569 1584 4622 iutcsto
1594 4583 1669 4622 cornu

65 4647 123 4696 illam
134 4649 230 4699 cladem
249 4647 366 4699 intulisse
387 4646 533 4698 narrabant:
544 4661 570 4698 ν.
584 4646 701 4698 Herodot.
720 4648 775 4708 Vll,
798 4650 841 4694 229
885 4639 1040 4702 petiverat.»

63 4725 106 4778 ⁶⁸1¹
121 4738 132 4761 '
142 4721 198 4769 'mc'
917 4783 1000 4832 cccl.
1012 4784 1113 4833 Lemma
1122 4803 1128 4832 r
1143 4784 1175 4839 εἰς
1183 4783 1238 4832 ὄνον
1247 4782 1270 4830 ἐν
1280 4781 1353 4832 ἅλωνι
1363 4780 1552 4844 &mutauerat
1565 4778 1624 4840 im&
1633 4781 1667 4828 ²²³¹

88 4853 220 4904 ccxcvn.
238 4855 343 4904 Lemma
358 4873 365 4905 ι
387 4855 419 4911 τίς
431 4853 471 4904 τόν
485 4852 594 4916 Καίσαρα
607 4853 719 4915 pulicum
734 4853 840 4915 ἀπαίρειν
886 4873 937 4903 πων
952 4859 1083 4915 συμπατεῑν
1092 4853 1146 4910 τοὺς
1157 4852 1289 4917 ἀστάχυας.
1301 4877 1335 4890 ·-
1350 4857 1360 4902 t
1378 4851 1489 4914 όγκιστὴν
1502 4849 1573 4907 Cod.;
1595 4852 1668 4910 όγκη-

62 4921 153 4979 ἐνετοὺς
165 4925 276 4987 Πάρθους
293 4925 339 4984 ἤδη
357 4923 518 4980 ὑποσπόνδους
534 4926 672 4985 γενομένους
685 4921 840 4987 (sicBoiss.·‚
885 4926 942 4984 στήν
954 4926 1031 4984 Plau,
1046 4938 1108 4974 corr.
1123 4925 1273 4975 Schaeierus.
1285 4924 1444 4985 -2*γυρόν
1458 4926 1484 4971 cl
1495 4921 1582 4983 δρόμων
1593 4921 1665 4980 Ccd.;

62 5009 101 5052 pr.
114 5007 152 5057 ap.
165 4998 218 5046 iac.
230 5000 248 5056 l.
261 5015 275 5040 ι
287 4995 368 5046 Vertit
380 4995 466 5059 gallice
479 4997 505 5045 et
518 4993 650 5058 explicavit
660 4993 755 5044 Boivin.
766 4997 840 5044 Mem.
885 4995 970 5058 δρόμον
982 4994 1050 5043 Plan.
1061 4996 1116 5043 Non
1127 4996 1180 5045 erat
1193 4992 1357 5044 dubitandum
1367 4991 1398 5042 de
1412 4992 1491 5053 γυρόν.
1505 5009 1517 5032 τι
1530 4993 1592 5038 Area
1606 4988 1670 5038 sole·

64 5064 129 5114 irad.
140 5068 231 5117 inscrr.
246 5067 269 5117 t.
282 5067 315 5128 ll,
323 5080 348 5131 p.
357 5070 410 5116 292.
422 5085 434 5110 ιι
444 5067 476 5115 Β.
485 5062 684 5116 lieterendumad
699 5066 841 5127 apparatum
885 5065 928 5116 bat
939 5077 994 5115 esse
1005 5063 1119 5123 rotunda,
1133 5064 1199 5114 unde
1212 5065 1356 5116 etiamutros
1368 5073 1541 5122 nonnunquam
1556 5061 1668 5110 uocatur.

63 5131 112 5184 buti
126 5139 213 5187 eontra
234 5136 354 5197 Parthos,
375 5149 425 5200 quo
447 5135 567 5186 ellectum
589 5136 629 5185 est
648 5147 672 5183 a.
685 5136 716 5184 U.
739 5138 793 5196 734,
813 5138 842 5184 ut
884 5137 1010 5196 -3ὴοῦχ
1017 5134 1180 5190 ύλιςνναίεοεί
1190 5137 1291 5184 Porsen.
1302 5135 1377 5182 Mire.
1391 5133 1472 5181 trucis
1482 5141 1507 5192 p.
1522 5126 1670 5191 257.[Quod

66 5205 141 5255 Parthi
153 5208 222 5272 signa
239 5210 408 5257 Romanorum
422 5205 544 5271 legionum
558 5219 589 5256 ex
605 5204 688 5254 Crassi
704 5205 774 5256 clade
784 5205 839 5255 retl-
887 5206 998 5268 verum]
1013 5203 1106 5254 ilelerri
1117 5206 1201 5267 potest
1216 5203 1271 5252 brec
1282 5201 1433 5266 periphrasis
1449 5214 1493 5257 eo,
1505 5197 1572 5260 quod
1587 5199 1670 5248 asinus

66 5273 151 5326 terma.
164 5305 196 5315 -
212 5287 222 5327 2
234 5279 279 5326 ἀπ’
298 5277 369 5334 cod..
385 5291 448 5326 corr.
459 5277 535 5327 Salm.
547 5305 579 5314 -
591 5281 605 5327 3
618 5277 688 5334 ῦήιεις
699 5275 760 5325 Cod.
777 5295 788 5318 τ
801 5275 841 5325 Sic
862 5302 865 5342 ρ
886 5277 930 5324 ούκ
940 5277 1034 5333 ibitur,
1050 5276 1089 5323 ῦπ·
1101 5275 1203 5333 ἀνάγκης
1214 5273 1402 5336 circumagitur3
1414 5271 1456 5320 sed
1468 5269 1551 5319 malim
1561 5269 1670 5332 accipere

67 5346 94 5394 de
106 5346 175 5398 victis
191 5349 217 5398 et
233 5346 380 5398 cedentibus
398 5347 513 5398 lioratius
525 5349 605 5398 Carm.
626 5349 669 5407 lii,
685 5344 725 5397 od.
742 5352 765 5402 θ,
787 5351 816 5396 23
830 5360 835 5388 =
862 5355 865 5372 ¹
886 5345 917 5395 dc
931 5349 999 5394 ruotu
1012 5344 1128 5394 continuo
1141 5348 1270 5405 certasque
1283 5343 1349 5404 leges
1361 5343 1493 5402 sequente,
1508 5341 1535 5388 ut
1550 5353 1588 5402 ep.
1602 5345 1667 5388 505:
