3746 5910
676 356 716 416 ut
738 355 863 416 cartu
885 357 912 416 X
933 357 1165 420 auxerant).

75 495 128 546 iuli.
142 505 203 542 mss.
217 491 339 542 Pindarus
349 489 421 551 rytn.
440 493 460 550 l,
475 497 505 540 85
519 489 598 552 (lai)
613 509 619 536 ;
636 487 743 550 κρέσσων
760 489 846 549 οἰκτιρ·

69 571 117 626 (τῶν
127 564 216 625 φθόνος,
226 576 284 612 curu
294 561 472 621 Herodoiulll,
488 567 517 610 52
530 583 536 610 :
551 563 630 622 μαθὼν
644 562 696 622 ὂσιρ
710 563 845 619 φθονέεσθαι

71 637 164 698 κρέσσον
181 627 198 685 ἢ
214 633 374 696 οἰκτείρεσθαι.
395 633 459 682 cod.
484 633 579 696 ἀμείνω.
600 660 628 670 -
646 632 762 680 5πέουιι
777 630 843 678 Plan.

70 735 80 756 ι
94 711 314 773 11ισοιηςᾶριστον.
328 711 398 758 Conl.
410 722 449 772 ep.
467 715 518 766 102,
530 713 559 766 3;
573 713 623 758 not.
634 708 666 758 ad
676 723 699 771 p.
715 714 756 758 12:
773 708 844 758 Pselli

68 789 152 848 opusc.
164 784 205 845 (p.
216 781 279 844 320).
289 778 436 842 Phocplidcs
449 781 479 830 lr.
490 783 505 828 ti
518 801 525 829 ι
539 781 620 829 Πολλὰ
631 782 738 842 μέσοισιν
750 787 843 843 οιριστα.

70 853 269 918 ttegirieriussat.
284 853 313 911 x,
329 857 365 900 5:
407 881 409 886 -

326 959 357 1000 oe
369 954 460 1002 millen.
471 955 511 998 des
522 965 587 1000 νιειιι
599 959 650 1000 tant
660 955 752 1000 demun
759 985 765 1008 Ἰ.

116 1017 150 1064 0ir
159 1017 207 1064 iou
215 1018 268 1062 mist
277 1027 319 1074 par
328 1017 390 1072 oepit
401 1018 413 1059 i
423 1016 494 1072 l'abry
511 1017 532 1060 ta
546 1023 620 1062 certo.
632 1033 642 1057 ν
656 1017 683 1061 Β.

95 1158 145 1207 ill.
160 1183 192 1193 —
210 1161 232 1206 t.
250 1177 261 1200 ι
280 1157 361 1207 schol.
374 1157 462 1207 Wecb.
476 1158 613 1208 adscribit:

123 1290 161 1338 ιθν
169 1289 251 1352 ιισιρὸν
262 1289 333 1352 εὔχου
346 1289 441 1339 πάντοθ
448 1290 517 1338 ilario
531 1292 600 1352 ἔχειν.

66 1421 110 1478 Qui
122 1433 209 1470 versus
221 1421 261 1470 est
271 1420 334 1469 inter
344 1420 482 1470 sententias
493 1419 642 1482 singulares,
657 1423 684 1470 et
693 1423 776 1483 potest
787 1432 842 1469 csse

67 1490 192 1541 Menandri.
204 1491 325 1541 Disertior
338 1495 377 1540 est
390 1493 460 1542 locus
473 1505 487 1540 e
499 1491 586 1540 Cnidia
603 1509 610 1538 ι

121 1624 274 1687 Ταύτόματόν
286 1625 350 1673 ἐστιν
363 1628 394 1682 ὡς
416 1625 478 1674 ἔοικέ
492 1642 538 1674 που
549 1625 608 1681 θεός.

66 1755 129 1806 conl.
144 1769 183 1819 ep.
201 1759 256 1815 103,
275 1758 300 1804 l.
314 1774 326 1798 υ
342 1758 422 1804 11-
441 1761 455 1803 2
475 1757 508 1810 ὡς
524 1755 553 1803 ἂν
572 1755 629 1818 ἀνὴρ
650 1754 794 1815 ΗοοΙιοτιιες
812 1757 843 1811 ὡς

65 1825 142 1889 ἀρ’νεΙ
153 1825 203 1874 οῖον
221 1824 322 1874 Jacobs.
340 1827 369 1873 tn
381 1823 480 1874 Pallada
501 1824 562 1874 nihil
578 1824 619 1874 htc
635 1825 795 1874 movendum.
812 1857 839 1866 -

65 1904 78 1946 3
89 1897 298 1959 μιμεριμνίγσανιος
310 1900 326 1946 S
337 1900 392 1958 lap.
408 1897 490 1946 Crura.
500 1895 520 1958 i.

90 2038 149 2086 titt.
161 2061 194 2070 -
208 2053 221 2074 a
238 2035 268 2082 ln
279 2033 414 2097 parricidas
434 2035 503 2083 loris
523 2035 635 2098 exemplo
649 2037 726 2084 tutos.
749 2035 841 2086 Verisi-

65 2107 163 2156 nrilecst
179 2104 307 2154 Palladem
325 2105 447 2168 ejusmodi
468 2105 596 2165 facinoris,
612 2105 654 2156 ubi
673 2105 730 2169 quis
748 2120 843 2170 paren-

63 2181 120 2228 tis...
135 2177 218 2238 impio
241 2188 325 2224 racana
344 2175 427 2224 senile
439 2178 535 2236 quitur·
554 2175 683 2240 (rapaci,
704 2183 842 2240 exemplum

63 2252 114 2296 ante
131 2246 215 2296 oculos
238 2245 365 2296 habuisse.
384 2253 439 2294 -1
460 2248 617 2308 πατροφονους
634 2247 779 2297 Bruncltius.
794 2249 843 2298 Sed

66 2316 181 2381 parricidae
199 2317 265 2366 inter
279 2317 333 2372 τοὺς
351 2315 505 2378 ἀνδροφόνους
522 2315 696 2380 comprehendi
717 2331 791 2380 posse
802 2319 839 2368 vi-

64 2387 153 2436 dentur.
165 2413 196 2423 -
206 2391 232 2436 3.
247 2385 317 2444 Qrcld
330 2387 454 2448 luppiter
465 2384 573 2434 toronae
583 2399 601 2434 n
609 2388 702 2448 peirac
716 2401 767 2436 arra
775 2402 842 2452 pac·

66 2461 121 2506 rilic
134 2460 232 2520 inspius
255 2469 288 2505 ac
305 2469 381 2519 prone
395 2455 534 2518 parricida
551 2455 776 2519 deprehenditur?
794 2461 840 2507 La·

63 2525 263 2576 rtanduslnstitt.
279 2527 299 2586 l,
319 2531 356 2575 1ο.
368 2545 380 2568 ν
400 2527 454 2574 Joc.

91 2671 148 2718 Ltli.
159 2698 190 2713 -.
204 2687 216 2709 ι
232 2670 287 2716 Non
300 2666 410 2730 phthisin
426 2670 525 2716 tantum
543 2665 654 2717 homines
671 2682 774 2730 trecate,
789 2672 841 2722 sed

65 2740 130 2789 ιιιίουι
148 2737 336 2803 pinguedinem,
356 2737 467 2802 Dionysii
483 2739 580 2801 tyranni
594 2741 718 2789 Heracleae
732 2742 840 2793 Ponticae

63 2809 164 2874 exemplo
173 2808 256 2859 docet
270 2811 308 2858 De
320 2808 369 2858 boc
382 2807 481 2858 bomine
493 2807 632 2872 insignique
649 2811 701 2872 ejus
718 2811 840 2864 obesitate

66 2893 86 2929 r.
97 2881 238 2931 tucnaum
249 2891 282 2929 ex
294 2875 432 2942 ityruplride
449 2880 594 2930 Heracleote
609 2881 686 2929 multa
702 2881 840 2933 tradentem

65 2955 110 3014 xn,
119 2965 142 3015 p.
153 2955 206 3012 549,
220 2965 254 3001 ex
266 2963 316 3013 quo
333 2950 400 3000 fonte
411 2964 457 3000 sua
474 2951 550 3000 etiam
561 2951 646 3002 bausit
658 2952 746 3000 AElian.
762 2955 793 3002 v.
807 2957 838 3004 H.

65 3023 141 3080 11,ι3.
155 3041 166 3064 ν
185 3025 241 3072 lac.
261 3048 292 3056 —
311 3027 317 3070 t
335 3021 402 3082 φύσις
417 3018 478 3068 cod.
493 3024 519 3070 et
531 3020 611 3078 Plan,
621 3034 683 3070 corr.
697 3022 837 3071 Salmasius.

63 3113 91 3125 -
101 3095 114 3138 3
126 3091 208 3139 roie'd
221 3089 295 3150 cod,
307 3091 372 3139 τοῦδ’
387 3089 465 3148 Plan,
483 3093 565 3148 recle3
581 3089 700 3140 edebatur·
713 3098 755 3140 τοῦ
766 3093 796 3141 δ’.

90 3243 134 3290 nv.
147 3265 177 3277 -
191 3243 285 3290 Omnes
296 3241 362 3290 viros
377 3241 497 3290 uxoribus
506 3242 558 3292 suis
568 3255 653 3304 parere
663 3243 798 3304 contendit.
809 3274 840 3282 -

67 3315 74 3357 l
88 3313 206 3372 κομπάζεις
222 3310 294 3370 Cod.;
308 3313 472 3374 προστάγματι
492 3313 561 3361 l’lan.
581 3339 612 3348 —-
626 3321 649 3370 2.
662 3317 685 3362 3.
701 3316 761 3364 Ἀπὸ·
773 3317 839 3379 δρυὸς

65 3379 106 3429 or'ri'
120 3381 164 3431 ἀπὸ
181 3384 282 3444 πέτρης,
297 3381 457 3445 proverbialis
471 3383 563 3432 locutio
577 3382 653 3432 ducta
665 3397 692 3433 er
706 3387 778 3434 Hom.
790 3386 837 3438 0d.

64 3455 89 3511 T,
108 3457 155 3513 lii,
168 3453 210 3502 ubi
221 3453 385 3504 Euslalhius:
401 3455 429 3503 οὒ
440 3453 510 3516 μόνον
522 3453 690 3516 ἀρχαιογονίαν
704 3459 838 3508 παλαιοτά-

63 3537 101 3578 την
108 3523 226 3584 σημαίνει,
237 3525 346 3572 ἀλλὰκαὶ
362 3524 417 3584 ἦθος
427 3525 564 3588 ἀτέραμνον.
581 3543 594 3568 α
604 3527 677 3574 Cotti.
688 3526 720 3576 ad
729 3529 785 3589 litt,
797 3544 837 3592 ep.

64 3597 229 3656 153.1)ορητί
254 3608 299 3658 pro
313 3597 370 3654 φασί
394 3595 443 3643 diei
463 3598 583 3645 consueto
606 3597 691 3646 monui
716 3599 749 3648 ad
764 3603 838 3651 blari-

65 3676 124 3712 num.
138 3668 190 3714 alt.
212 3668 246 3715 tlt
257 3669 294 3714 est
306 3666 497 3728 irrprorarblo,
510 3668 565 3716 iae.
578 3693 602 3702 -
617 3671 632 3716 t
645 3670 664 3716 ci
677 3670 761 3726 πάντες
775 3673 836 3723 Cod.

64 3738 86 3782 et
97 3736 167 3790 Plan..
177 3751 242 3784 corr.
255 3737 361 3784 Brunelt.
378 3755 390 3778 ν
405 3739 451 3784 Καὶ
468 3739 498 3786 σὺ
507 3745 679 3802 γυναικοκρατῇ
692 3753 737 3802 per
755 3741 837 3793 brevi-

66 3803 202 3866 loquentiam
216 3807 312 3856 ‹lielum
331 3821 390 3868 pro:
401 3813 470 3855 τοῦτο
484 3810 564 3857 καὶσὺ
573 3809 673 3871 πάσχεις
684 3827 838 3876 γυναικοκρα-

63 3881 172 3939 roim-ra.
186 3888 246 3929 -ο
269 3881 320 3942 ρήις
347 3879 408 3929 cod.
434 3882 463 3928 tn
488 3879 646 3930 altercatione
660 3895 718 3931 cum
731 3885 838 3935 Hercule

65 3949 206 4012 AEsculupitts
216 3949 282 4000 Dial.
293 3949 361 3998 deor.
377 3951 449 3999 itttt:
465 3951 519 3999 οὔτι
537 3951 677 4008 ἐδούλευσα,
692 3954 735 4014 aii,
756 3957 837 4021 ὥσπερ

65 4020 125 4078 σὺ...,
144 4017 270 4084 παιόμενος
292 4023 339 4069 ὑπὸ
363 4025 404 4079 τῆς
423 4022 540 4083 Ὀμφάλης
567 4029 649 4085 χρυσῷ
672 4026 788 4090 σανδάλῳ.
805 4054 837 4064 -

65 4097 85 4139 ο.
97 4092 212 4152 θύσαντα,
224 4089 306 4141 ιι1111ε
316 4104 354 4155 ap.
366 4093 511 4141 lurenalem
525 4097 545 4155 1,
563 4100 602 4154 5ο,
618 4095 729 4159 conjugis
742 4097 806 4147 leno.
823 4119 835 4142 ο

65 4163 116 4211 Ιοι.
126 4167 180 4212 -8
195 4165 247 4221 λίην
261 4162 331 4212 Plau.

92 4297 147 4344 Llll.
158 4323 188 4331 —
199 4297 300 4345 Nullum
317 4295 383 4360 apud
401 4297 518 4346 mulieres
534 4298 654 4349 castitatis
670 4313 725 4351 esse
738 4302 835 4366 signum

66 4364 117 4413 sitis
131 4369 221 4415 ceruum
243 4365 345 4429 probare
367 4365 460 4416 studet.
479 4397 509 4407 -
528 4371 541 4416 7
557 4371 707 4431 οπλιζορένις
730 4373 790 4423 cod.
810 4379 835 4425 et

68 4436 133 4493 Plan..
153 4451 214 4486 corr.
235 4437 341 4500 Scaliger
366 4441 392 4486 et
415 4438 516 4487 Salmas.
538 4468 569 4478 -
583 4445 598 4489 a
613 4441 662 4489 οὐδ’
687 4444 707 4490 εἰ
730 4443 832 4495 liteinelr.

68 4520 88 4567 p.
101 4513 148 4557 titt.
162 4507 208 4556 Sed
221 4507 396 4570 interrogatire
410 4508 464 4556 liceo
481 4507 548 4558 dicta
559 4523 614 4560 esse
632 4513 730 4562 monuit
743 4517 832 4579 Unger.

67 4581 225 4641 11σ11ν.ρ.37,
242 4591 350 4640 quocum
361 4578 469 4628 distinxi.
488 4582 516 4629 ln
526 4581 616 4630 codice
625 4599 659 4638 τις
668 4583 755 4646 legitur
771 4585 835 4636 inter

68 4661 156 4710 remus,
167 4663 247 4712 apogr.
261 4653 313 4698 Par.
332 4650 353 4698 ei
369 4667 403 4706 τις
421 4651 509 4711 ἀνάγει.
532 4677 564 4688 -
580 4658 608 4700 10
619 4653 640 4700 τ’
654 4667 703 4701 orn.
721 4654 785 4703 cod.
802 4681 834 4692 -

71 4725 93 4768 ιο
107 4733 170 4782 seqq.
182 4723 243 4777 Quae
255 4723 392 4782 sequuntur
406 4719 511 4770 disticlra
527 4721 578 4771 dno
592 4737 641 4772 non
651 4723 752 4786 integrao
769 4725 832 4775 scri·

69 4793 136 4850 ptura
143 4791 221 4840 omisit
231 4791 296 4840 Plan.
308 4811 338 4824 -·
352 4795 379 4840 ts
389 4792 466 4840 τοίνυν
480 4793 521 4850 tie
533 4794 616 4854 κρινετ’
625 4793 697 4850 Cod,
710 4792 734 4841 in
749 4807 831 4858 apogr.

69 4861 115 4910 Pir.
128 4863 151 4910 ci
162 4875 200 4924 ap.
223 4861 297 4910 Saltu.
316 4865 331 4917 i,
350 4862 375 4910 δὲ
394 4861 486 4924 κρίνιτ’.
504 4861 634 4912 Jacobsius
654 4864 709 4912 τάδε
727 4864 831 4927 κρίνετε,

70 4929 159 4979 deuel.
171 4933 283 4993 κρίνεται,
296 4930 340 4993 qui
351 4931 524 4994 intermgatixe
538 4933 622 4983 ell'eni
638 4934 720 4994 malit;
735 4936 832 4997 κρινέτω

69 4999 168 5050 canus.
189 5001 277 5051 Boias:
302 5002 418 5066 «Scripsi
434 5004 480 5062 ἠδη
500 5003 592 5068 κρίνοιτ’.
614 5005 710 5067 syllaba
726 5025 771 5054 νυν
784 5009 834 5057 arsi

72 5068 230 5142 traducitur.»
248 5076 361 5136 Ungerus
373 5075 462 5136 quarta
479 5089 510 5124 an
526 5089 575 5124 non
592 5075 669 5125 lateat
684 5090 730 5124 vor
743 5079 833 5139 εἱλικρι·

70 5146 105 5190 νεῖ.
116 5141 178 5194 --16
188 5145 279 5209 οἶστρον
291 5145 380 5206 εἰρήνης
390 5147 443 5194 οὐδέ
453 5163 474 5194 τι
484 5164 507 5206 γ.
523 5147 558 5195 ἀεί
569 5145 642 5207 cod,
655 5160 718 5196 corr.
732 5147 830 5199 Jacobs.

1612 361 1673 420 uia

891 487 937 538 nisi
954 487 1020 550 quod
1044 490 1135 552 εἰρήνην
1204 489 1264 550 ἄγει,
1288 489 1355 548 qnod
1376 489 1424 550 1χει
1447 487 1580 540 dicendum
1602 491 1678 540 luisse

890 557 1023 608 observant
1033 558 1135 608 liccler.
1151 561 1175 616 l,
1199 572 1222 621 p.
1239 563 1284 606 ulit
1298 563 1324 608 et
1344 561 1470 622 Ungerus.
1485 560 1615 610 conterens
1628 562 1677 624 epi·

890 641 999 689 gramma
1009 642 1040 677 ex
1055 628 1109 678 cod.
1121 628 1241 678 sedilum
1257 649 1263 678 :

952 791 1112 848 Ὕπνώοιςέπὶ
1125 792 1227 852 πουλὺν,
1243 793 1333 855 Ἔρως,
1344 794 1436 855 χρόνον·
1447 795 1501 858 σἰχρι
1513 795 1558 858 γὰρ
1570 799 1598 844 ἀν
1615 797 1646 846 σὺ

984 861 1051 924 εὗδῃς
1061 862 1152 926 εἰρήνην
1162 867 1212 912 σῶν
1222 861 1307 926 ἔχομεν
1318 865 1412 926 βελέων.

891 1020 951 1068 Post
968 1021 1070 1069 ritate
1083 1020 1197 1071 excidere
1211 1037 1223 1070 ε
1242 1023 1355 1084 poterat,
1371 1021 1427 1072 iride
1440 1025 1483 1072 Χει
1495 1022 1567 1072 scribi
1581 1025 1632 1072 Asi.

893 1094 920 1139 17
937 1091 1017 1140 λοιπὸν
1028 1093 1073 1142 αἰεί
1089 1093 1143 1153 (ἀεί
1166 1093 1258 1156 Saltu.)
1277 1111 1303 1142 τε
1318 1110 1375 1146 πειτ.
1391 1094 1463 1150 Cotta
1479 1095 1515 1143 iri
1525 1112 1549 1143 τι
1567 1095 1678 1157 Jacobs..

890 1161 1011 1212 bleinelrio
1023 1163 1168 1227 probatum,
1182 1163 1225 1226 qui
1238 1167 1264 1215 et
1272 1165 1321 1214 boe
1334 1164 1508 1228 interrogative
1518 1164 1604 1214 scribit
1618 1179 1678 1222 ιπε-

890 1232 1016 1294 ποίθοριενς
1029 1232 1153 1283 lromerice
1163 1247 1209 1296 pro
1220 1236 1378 1298 assailiatur,
1393 1237 1445 1298 J'anr
1460 1233 1575 1283 aGroesto
1584 1247 1676 1297 propo-

891 1301 976 1350 situm.
992 1303 1040 1354 Sed
1059 1305 1140 1353 λοιπόν
1150 1304 1286 1355 etiamsine
1304 1306 1493 1369 interrogatione
1503 1303 1561 1354 linio
1572 1304 1674 1354 locosa-

890 1372 923 1420 tis
936 1376 1030 1436 aptum.
1045 1377 1120 1438 «ligo
1137 1375 1223 1440 scripsi
1233 1377 1300 1437 ἀραῖς
1318 1395 1344 1426 τε
1362 1390 1405 1440 pro
1420 1377 1465 1426 αἰεί
1477 1393 1511 1426 τε.
1530 1375 1677 1436 Coniectura

891 1443 978 1506 tacitis,
996 1445 1033 1494 ἀεί
1050 1463 1083 1508 τι,
1099 1459 1175 1509 quam
1197 1447 1290 1510 reecpit
1309 1447 1418 1506 Jacobs,
1435 1460 1483 1496 non
1495 1447 1556 1496 satis
1577 1445 1677 1495 omnino

890 1514 958 1564 lacit.
974 1515 1096 1566 Particula
1114 1533 1139 1566 τε
1152 1515 1284 1566 ridebatur
1295 1519 1399 1568 alterurn
1410 1529 1499 1566 riomen
1511 1529 1627 1580 poscere,
1640 1519 1674 1565 >a-

889 1589 957 1644 ταῖς,
971 1586 1046 1648 ἀραῖς.
1062 1606 1074 1629 ν
1086 1588 1179 1643 Boias..
1194 1583 1238 1635 secl
1252 1586 1276 1635 ln
1292 1587 1377 1650 graecis
1389 1585 1489 1636 delexit.
1500 1613 1532 1624 -
1545 1590 1573 1636 ts
1584 1588 1677 1638 δώδεκα

889 1658 1007 1716 κσινερέου
1017 1656 1088 1714 God.;
1099 1656 1161 1706 καίν’
1171 1659 1236 1718 ἐρέοιι
1248 1656 1535 1707 Meinoliusindieativo:
1548 1676 1560 1699 τ
1570 1671 1641 1708 noca
1652 1660 1677 1708 cl

890 1729 961 1776 arrico
973 1729 1167 1788 sciscitaturos,
1179 1741 1257 1790 quum
1267 1725 1435 1791 interrogabas
1453 1740 1512 1775 num
1529 1725 1676 1788 juramentis

889 1793 1023 1846 rnulierum
1035 1795 1097 1845 sides
1104 1795 1216 1846 habenda
1228 1799 1303 1855 esset,
1314 1809 1363 1845 non
1375 1794 1483 1858 cogitans
1495 1797 1587 1845 l'rustra
1598 1797 1676 1859 quaeri

888 1865 948 1916 deos
961 1865 1061 1929 perjurii
1075 1866 1218 1930 [ornatorii]
1231 1867 1333 1918 ultores.
1345 1887 1357 1910 ν
1372 1868 1435 1915 Cum
1447 1869 1542 1928 Ungero
1554 1866 1677 1940 imperati·

891 1949 949 1986 turn
965 1937 1095 1988 vedimus.
1119 1957 1132 1981 ιι
1145 1937 1203 1987 Fuit
1225 1936 1411 2001 conjiciendum.
1433 1936 1533 1999 Conieci
1551 1939 1675 1992 κάνε1,εεῑς.

889 2011 963 2058 Erant
972 2007 1038 2058 enirn
1050 2009 1090 2058 dei
1098 2008 1124 2058 in
1134 2007 1250 2072 perjuriis
1263 2013 1390 2058 amantum
1404 2006 1535 2070 puniendis
1544 2021 1593 2056 non
1605 2021 1677 2058 sere-

889 2079 973 2130 rtores.
993 2081 1063 2130 Cant.
1090 2082 1121 2141 V,
1145 2093 1183 2144 ep.
1208 2087 1249 2131 aa.
1273 2081 1435 2130 Aristaenetus
1452 2082 1486 2138 11,
1511 2084 1540 2128 20
1556 2097 1561 2127 z
1579 2081 1633 2136 τοὺς
1651 2080 1676 2129 δὲ

889 2151 1042 2212 (ἐρωτικοὺς)
1058 2151 1141 2212 ὅρκους
1162 2151 1228 2200 αὐτοί
1248 2167 1305 2212 φατε
1325 2151 1357 2211 μή
1376 2153 1541 2214 προσπελάζειν
1562 2155 1610 2204 τοῖς
1629 2151 1676 2200 drot

887 2227 935 2269 τῶν
947 2224 1013 2270 θεῶν·
1026 2221 1069 2272 ulti
1079 2226 1132 2272 not.
1143 2237 1167 2285 p.
1176 2225 1231 2281 729,
1241 2220 1407 2271 coll-llodell.
1420 2225 1476 2286 post
1485 2221 1571 2272 Axiam
1583 2234 1608 2284 p.
1620 2225 1672 2272 toa.

888 2291 1019 2356 Gregorius
1030 2295 1089 2342 Naz.
1105 2292 1183 2355 Epist.
1202 2297 1268 2343 tau:
1287 2293 1355 2342 οὔπω
1375 2294 1416 2353 μὲν
1436 2298 1548 2341 τοσοῦτον
1569 2309 1672 2355 παρανοι

889 2367 1000 2424 poema,
1018 2364 1076 2413 ὅσον
1092 2366 1115 2412 οἱ
1127 2365 1196 2414 δεινοὶ
1217 2365 1247 2413 τὰ
1261 2365 1362 2428 ἐρωτικὰ
1378 2362 1433 2426 παρ’
1449 2365 1570 2420 Ἓλλησιν·
1587 2364 1675 2427 οὐγὰρ

888 2435 969 2484 θύουσι
983 2433 1053 2495 μόνον
1066 2438 1098 2490 ὡς
1112 2437 1158 2498 θεῷ
1166 2439 1202 2497 τῷ
1213 2435 1291 2494 πάθει,
1301 2435 1360 2484 ἀλλὰ
1369 2437 1410 2483 καὶ
1419 2440 1467 2490 τοῖς
1477 2435 1555 2498 ὅρκοις
1569 2435 1670 2496 συγγνώ-

888 2523 933 2567 μην
939 2508 1036 2569 νέμουσι
1043 2513 1092 2563 τοῖς
1102 2505 1131 2554 δι’
1144 2508 1228 2568 ἔρωτα.
1237 2507 1301 2554 Jove
1312 2503 1407 2568 langiis
1414 2519 1432 2555 c
1439 2505 1523 2554 lovers
1530 2507 1671 2568 pet'jttt'ies.

887 2577 921 2625 ait
934 2575 1037 2626 Julietla
1062 2575 1248 2640 shalespearii3
1262 2575 1294 2625 de
1308 2589 1358 2638 quo
1371 2576 1425 2626 loco
1444 2575 1494 2626 rid.
1510 2576 1589 2626 Class.
1606 2579 1672 2628 Diar.

886 2653 906 2698 t.
934 2649 1001 2708 ltttl,
1023 2661 1046 2710 p.
1063 2651 1101 2697 80.
1123 2668 1135 2690 ν
1150 2651 1183 2698 B.

918 2789 996 2837 Lvtt.
1011 2816 1042 2826 ·-
1057 2793 1070 2834 2
1086 2787 1226 2850 σωφροσύνη
1243 2787 1310 2836 Plau.

917 2934 1001 2984 LvtlI.
1013 2951 1025 2976 ι
1039 2931 1138 2982 Gallicis
1156 2932 1269 2983 versibus
1286 2931 1411 2983 redditum
1429 2933 1454 2982 in
1474 2931 1605 2982 lilarollesii
1618 2935 1671 2983 lte·
1717 2951 1718 2954 ¹

886 3005 979 3054 mont.
997 3006 1030 3063 ll,
1044 3017 1068 3066 p.
1083 3007 1139 3054 tto.
1157 3023 1170 3048 ν
1189 3007 1222 3054 Β.
1241 3033 1270 3041 -
1287 3009 1309 3054 t.
1328 3023 1340 3047 ι
1356 3005 1384 3052 ln
1400 3003 1528 3067 Georgidae
1541 3005 1672 3054 Gnomolo·

886 3075 940 3138 giro
949 3088 988 3138 ap.
1000 3075 1079 3125 Boias.
1090 3074 1182 3127 anecd.
1197 3079 1216 3126 t.
1230 3078 1251 3136 1,
1264 3090 1288 3139 p.
1297 3083 1326 3126 11
1337 3075 1378 3140 [et
1390 3089 1429 3140 ap.
1440 3075 1550 3140 apostol.
1561 3078 1592 3137 V,
1601 3080 1628 3126 tt
1643 3076 1673 3141 e]

885 3145 929 3195 ubi
944 3147 992 3195 lroc
1004 3145 1129 3196 disticlron
1141 3145 1260 3196 tribtdtur
1272 3148 1396 3206 taciano,
1411 3147 1501 3210 legitur
1514 3150 1600 3210 γυμνὸς
1613 3146 1642 3197 δ’.
1659 3167 1671 3190 ν

884 3220 940 3266 Jac.
954 3220 1015 3266 nott.
1031 3230 1092 3266 mss.
1109 3243 1136 3252 —
1153 3224 1168 3267 2
1185 3220 1280 3281 μοχ1ῶ;
1298 3234 1321 3278 γ,
1338 3220 1385 3282 ὁρῶ
1401 3218 1455 3267 cod.
1473 3221 1498 3278 S,
1512 3218 1669 3269 alllrmatirc.

885 3289 1026 3352 Propertius
1040 3301 1079 3352 ap.
1092 3291 1156 3338 lac:

939 3446 1020 3490 Nudus
1031 3445 1060 3489 ab
1071 3442 1168 3499 micros,
1179 3446 1256 3499 stulte,
1267 3445 1413 3491 vehereratc.

915 3587 1023 3634 1111.-
1043 3585 1193 3641 beluacus,
1207 3583 1295 3638 mortis
1307 3583 1396 3633 timore
1417 3583 1524 3647 solutos,
1548 3600 1595 3636 non
1616 3599 1675 3640 esse

884 3655 1022 3718 plorandos.
1032 3681 1064 3690 —
1073 3659 1087 3704 3
1097 3654 1253 3718 ἀποιχόμενον
1263 3653 1331 3704 Plan.

915 3797 964 3844 Lx.
982 3822 1014 3831 —
1025 3797 1053 3843 ln
1063 3793 1153 3843 divites
1163 3793 1262 3844 stultos.
1276 3822 1303 3830 —
1317 3799 1332 3843 3
1347 3794 1439 3855 costra
1451 3809 1534 3858 apogr.
1550 3797 1606 3847 Par.

915 3941 976 3988 titt.
995 3965 1019 3973 -
1033 3941 1210 4002 θσωφροσύνης
1225 3939 1292 3988 Plan.

913 4083 986 4132 txtt.
998 4113 1027 4123 -
1042 4081 1152 4132 Rationis
1169 4095 1258 4145 expers
1276 4082 1375 4132 fortuna
1393 4082 1535 4134 dominatur
1547 4083 1572 4132 in
1591 4085 1669 4134 rebus

881 4151 1003 4202 lrumanis.
1017 4155 1070 4202 lac.
1083 4155 1179 4203 conteri
1192 4153 1369 4204 Menandreum

943 4295 1016 4342 Οὐδὲν
1028 4294 1090 4341 κατὰ
1100 4292 1170 4354 tritor
1179 4293 1263 4354 γίγνεθ’
1272 4295 1305 4342 ὧν
1317 4302 1381 4344 ποιεῖ
1391 4296 1466 4357 Τύχη.

912 4437 986 4485 titltt
1010 4463 1035 4470 -
1053 4437 1147 4499 Pauper
1159 4435 1203 4498 qui
1212 4449 1260 4485 non
1270 4435 1340 4496 vixit,
1353 4449 1401 4484 non
1411 4439 1449 4485 est
1458 4435 1576 4486 dicendus
1590 4433 1665 4495 mori.

876 4508 926 4569 iam
943 4505 967 4554 in
982 4508 1034 4568 ipsa
1045 4505 1098 4555 vita
1108 4505 1221 4556 cadaver.
1238 4535 1264 4542 -
1277 4512 1299 4558 1.
1312 4507 1390 4564 Ζήσας
1408 4506 1555 4569 explicatum
1565 4505 1621 4556 vide
1631 4509 1666 4557 ati
1727 4503 1734 4516 ‘

878 4591 917 4641 ep.
933 4583 972 4634 13,
986 4585 1008 4626 u.

910 4723 996 4771 thv.
1010 4725 1111 4772 Lemma
1123 4743 1129 4770 :
1143 4724 1175 4778 εἰς
1185 4723 1287 4784 ἄρχοντα
1304 4723 1362 4784 μετὰ
1376 4722 1487 4786 διαδοχὰς
1500 4727 1610 4782 φυσῶντα
1623 4722 1663 4772 διὰ

879 4796 906 4843 τὸ
928 4796 983 4853 (τοῦ
1007 4807 1091 4857 apogr.
1109 4795 1180 4854 Par.)
1195 4794 1389 4856 ἀναπράττεσθαι.
1409 4795 1500 4843 llocer
1511 4791 1663 4854 compendiis

877 4865 994 4915 el'srcitur.
1008 4867 1133 4914 Paulssen.
1144 4863 1315 4928 intelligebat«
1325 4865 1509 4916 munerisrices
1518 4865 1660 4929 (διαδοχὰς)

877 4936 986 4985 maximo
997 4934 1119 4985 desiderio
1128 4939 1309 4998 exspectantem
1320 4936 1352 4986 ob
1363 4939 1502 4999 quaestum,
1516 4936 1572 4987 call.
1586 4936 1660 4998 πράτ-

878 5009 959 5056 τεσθαι
984 5008 1101 5071 ἀργύριον.
1129 5027 1141 5051 ν
1170 5008 1223 5056 Ηοο
1250 5010 1358 5070 apparet,
1390 5009 1455 5058 male
1474 5008 1577 5071 occepta
1597 5017 1659 5055 voce

877 5080 985 5141 ρρύοιγμκ
1008 5077 1034 5126 in
1052 5090 1161 5128 errorem
1184 5090 1239 5127 esse
1260 5080 1352 5126 actum.
1377 5077 1477 5128 tiidetur
1499 5076 1660 5142 magistratus

876 5148 934 5197 olim
948 5146 1084 5211 superbus,
1100 5162 1237 5199 narravero
1258 5149 1412 5212 adignitatis
1431 5148 1526 5212 lastigie
1545 5147 1659 5210 dejectus
