3878 5912
240 408 280 467 sl
801 419 1055 484 AN'l'llOLOGlAE
1079 425 1279 486 PALATINAE

281 535 388 616 ἔγκυος,
405 541 553 621 ἂμροτέρην
569 543 692 620 Ἄρτεμιν
713 546 859 623 εὐξαμένη·
1095 563 1166 626 irato,
1178 567 1307 630 utramque
1316 567 1419 619 Dianam
1428 575 1535 633 precata.

240 625 313 684 τίκτε
327 627 349 684 δ’
365 630 566 689 ἀποκτείνουσα·
582 631 627 704 θοὴ
644 635 666 689 δ’
680 633 815 693 ἐπένευσεν
833 636 948 696 Ἰδλευύὼ
1064 653 1089 700 et
1101 653 1196 715 peperit
1207 654 1355 706 interficiens
1372 657 1438 707 :cita
1448 663 1531 708 arrtem
1548 660 1634 710 annuit
1645 659 1749 710 Eleutlro

281 714 377 794 οίμγω,
394 716 514 796 εὐαγρίης
528 720 598 798 δῶρα
612 721 656 778 καί
671 723 801 794 εὐτοκίης·
1094 740 1181 803 nubo,
1194 741 1414 796 bone-venationis
1427 745 1491 795 dona
1500 749 1526 796 et
1540 745 1704 810 boni-partus:

199 821 213 863 a
242 804 343 861 καὶνῦν
361 805 433 863 ἐννέα
447 805 522 863 παισί
537 808 604 866 διδοῖ
618 809 698 884 γοίλα.
742 811 878 890 Φεύγετε,
894 819 1018 892 Κρῆσσαι
1063 841 1092 877 ae
1109 842 1273 881 nuncnovem
1284 831 1373 882 catulis
1391 832 1797 898 praebetlac.Frrgite,Gretenses

280 891 429 968 κεμμοίδες,
444 895 474 951 ἐκ
486 896 606 956 τοκοίδων
620 896 699 956 τέκνα
712 900 905 978 διδασκόμενοι.
1093 928 1186 980 capre,
1202 920 1353 983 apnerperis
1363 921 1507 984 quales-siut
1518 923 1592 972 catuli
1601 924 1703 973 edocte.

493 1038 555 1090 269.
576 1043 635 1088 ror
653 1044 760 1092 aanor.
1050 1043 1053 1049 '
1340 1054 1392 1100 aas.
1416 1061 1564 1104 rrnsnun.

240 1165 407 1236 Κλασθείσης
423 1165 593 1238 obtinuistis
606 1170 698 1239 ὕδατι,
716 1171 790 1248 δῆριν
803 1171 889 1230 ἔθεντο
1063 1180 1149 1229 Fracta
1161 1180 1284 1243 quondam
1298 1193 1360 1230 aare
1369 1180 1394 1230 in
1405 1181 1607 1246 undis,jurgium
1620 1186 1752 1233 mouerunt

279 1253 362 1312 δισσοὶ
377 1255 443 1332 ὑπὲρ
460 1253 555 1329 μούνης
571 1257 732 1335 μαρνάμενοι
751 1259 862 1324 σανίδος.
1093 1268 1144 1318 bini
1156 1281 1289 1332 superans
1304 1272 1440 1333 pugnantes
1448 1268 1540 1319 tabula.

238 1343 262 1399 T
264 1340 312 1420 ύψε
331 1343 378 1418 μὲν
394 1342 550 1420 Ἀνταγόρας
565 1345 769 1424 Πεισίστρατον·
780 1348 808 1406 οὗ
821 1346 977 1424 νεμεσητὸν,
1063 1357 1136 1407 Feriit
1150 1359 1285 1420 Antagoras
1297 1356 1452 1407 Pisistratum
1468 1357 1520 1406 :nil
1534 1357 1633 1408 inridim
1643 1362 1696 1421 est,

277 1419 309 1500 ἦν
323 1431 374 1508 γὰρ
390 1431 455 1510 ὑπὲρ
467 1435 567 1511 ψυχῆς·
582 1434 639 1489 ἀλλ’
654 1433 766 1506 ἐμέλησε
778 1433 857 1514 Δίκῃ.
1093 1445 1219 1496 eratenim
1231 1444 1402 1495 certomcnde
1411 1444 1463 1494 vita
1474 1466 1480 1494 :
1491 1445 1535 1495 sed
1545 1460 1586 1496 res
1594 1447 1717 1497 curae-luit
1726 1448 1834 1498 lustitia.

192 1519 193 1525 ’
238 1519 313 1597 Νῆχε
324 1521 347 1577 δ’
362 1519 452 1596 ὁμὲν,
466 1518 509 1576 τὸν
523 1520 545 1576 δ’
560 1511 612 1577 εἷλε
624 1521 693 1580 κύων
709 1523 779 1588 ἁλός.
793 1522 826 1582 Ἡ
840 1523 1018 1605 παναλσίστωρ
1061 1532 1175 1581 Enatavit
1182 1531 1282 1595 quidem
1289 1531 1448 1592 lric;alterum
1456 1545 1514 1581 vero
1522 1533 1585 1598 cepit
1593 1532 1659 1582 cauis
1668 1533 1836 1582 urarirmsom·

278 1609 365 1684 κηρῶν
379 1609 435 1667 οὐδ’
450 1600 519 1686 ὑγρῷ
537 1607 648 1667 παύεται
660 1612 687 1668 ἐν
703 1611 820 1686 πελάγει.
1092 1619 1198 1683 ο-ριιειιίε
1207 1617 1450 1683 uehumidoquidem
1458 1618 1571 1670 cessatio
1581 1621 1836 1686 pelago.[uium·ultrix

350 1758 418 1809 uro.
443 1750 602 1808 ΜΑΡΚΟΥ
628 1751 903 1814 ΑΡΓΕΝΤΑΡΙΟΥ.
1257 1763 1311 1808 uro.
1327 1759 1426 1808 nanc1
1443 1759 1640 1806 ancanrnnn.

238 1885 376 1960 Κωμοίζω,
389 1885 509 1963 χρύσειον
525 1887 550 1953 ἐς
562 1886 689 1963 ἑσπερίων
704 1889 782 1966 χορὸν
795 1888 897 1968 οἴστρων
1061 1896 1192 1955 Comissor‚
1208 1907 1311 1944 aureum
1330 1893 1356 1942 in
1369 1893 1562 1956 vespertinorum
1578 1895 1681 1943 chorum
1697 1896 1817 1943 astrorum

276 1972 409 2042 λεύσσων,
424 1973 478 2030 οὐδ’
494 1974 579 2032 ἄλλων
592 1973 642 2042 λὰξ
653 1974 757 2052 ἐύοίρυν’
772 1975 877 2054 οίόρους·
1091 1982 1334 2046 conjiciens-oculos,
1344 1994 1423 2044 ιιοιμιο
1430 1981 1532 2031 aliorum
1541 1982 1607 2032 calce
1616 1980 1695 2044 pressi
1704 1993 1817 2040 somnos;

236 2059 333 2139 στέψας
347 2061 370 2116 δ’
382 2059 519 2119 ἀνθόύολον
533 2060 626 2138 κρατὸς
641 2062 718 2140 τρίχα
728 2109 738 2133 ,
747 2061 794 2132 τὴν
806 2062 955 2132 κελαδεινὴν
1061 2069 1106 2122 sed
1119 2081 1238 2120 coronans
1255 2067 1369 2117 floridum
1385 2067 1473 2131 capitis
1488 2067 1594 2128 crinem,
1604 2081 1718 2120 resonam

275 2147 391 2218 πηκτίδα
407 2147 580 2222 μουσοπόλοις
598 2151 689 2228 χερσὶν
701 2150 856 2230 ἑπηρέθιοα.
1091 2157 1240 2208 testudinem
1253 2154 1356 2205 musicis
1369 2149 1486 2205 manibus¹
1495 2154 1608 2206 excitaui.

238 2235 292 2294 Καὶ
306 2237 367 2293 τοίδε
382 2237 450 2315 δρῶν
466 2234 591 2312 εὔκοσμον
606 2235 662 2314 έχω
678 2237 750 2315 βίον·
765 2236 887 2316 οὐδὲγὰρ
901 2237 976 2303 αὐτὸς
1060 2251 1091 2297 Et
1109 2247 1164 2296 bace
1177 2259 1264 2310 ageos,
1282 2243 1472 2294 bene-mundam
1483 2244 1562 2294 habeo
1578 2245 1669 2305 vilam;
1684 2245 1837 2308 nequeenim

276 2324 373 2396 κόσμος
384 2323 475 2382 ἄνευθε
489 2323 568 2403 λύρης
585 2326 679 2383 ἔπλετο
691 2327 735 2384 καὶ
750 2328 887 2405 στεροίνου.
1089 2335 1197 2386 mundns
1209 2334 1262 2385 siue
1278 2334 1332 2397 lyra
1348 2335 1387 2384 est
1404 2335 1430 2383 at
1449 2345 1546 2382 corona.
1781 2333 1836 2396 [ipse

439 2474 507 2524 all.
532 2467 815 2526 ΑΠΟΛΛΩΝΙΔΟΥ.
1306 2473 1359 2520 271.
1375 2470 1591 2519 APOLLONIDAE.

238 2603 291 2662 Καὶ
305 2602 367 2660 πότε
380 2602 411 2672 δὴ
431 2603 521 2672 νήεσσ’
532 2603 628 2682 οίρούος
643 2604 736 2682 πόρος,
750 2604 822 2676 εἰπέ,
835 2604 972 2681 θάλασσα,
1058 2613 1089 2659 st
1098 2606 1563 2672 quaudotarrdemuavibustutumcrit
1572 2605 1726 2666 ireturmdic,
1736 2620 1752 2655 o
1762 2620 1833 2660 marc.

275 2693 298 2748 εἴ
313 2691 358 2749 καὶ
369 2693 395 2749 έν
407 2691 540 2749 ἇλκυόνων
558 2691 643 2765 ἤμασι
655 2693 836 2768 κλαυσύμεθα,
1089 2694 1110 2746 si
1126 2699 1152 2746 et
1165 2696 1190 2746 in
1206 2695 1354 2758 halcyonum
1371 2693 1458 2744 diebus
1469 2692 1621 2757 lugebimus,

234 2778 382 2848 ἀλκυόνων,
403 2769 443 2844 αἷς
463 2778 555 2846 πόντος
573 2779 612 2836 ἀεὶ
628 2779 766 2856 στιρίξατο
783 2785 855 2857 κῦμα
1057 2785 1218 2846 halcyonum,
1233 2782 1324 2846 quibus
1339 2784 1430 2846 pontus
1443 2795 1540 2844 semper
1556 2779 1675 2831 stabilivit
1688 2781 1793 2831 ssucturn

273 2864 401 2942 νήνεμον,
415 2871 449 2932 ὡς
464 2870 551 2944 κρῖναι
569 2865 664 2945 χέρσον
684 2868 873 2946 ἀπιστοτέρηνς
1087 2870 1244 2934 tranquillum
1253 2868 1306 2932 „ita
1321 2871 1350 2919 ut
1361 2867 1458 2934 judices
1473 2871 1565 2918 terram
1576 2865 1732 2917 ualidiorem?

233 2952 313 3014 'alna
328 2955 374 3012 καλ
389 2953 466 3025 ἡνίκα
483 2962 549 3029 μαῖα
569 2955 615 3012 καί
629 2954 765 3013 ὠδίνεσσιν
779 2955 892 3032 ἀπήμων
1057 2959 1104 3011 sed
1111 2960 1184 3010 etiam
1192 2973 1268 3024 quum
1276 2957 1396 3008 obstetrix
1404 2969 1458 3008 esse
1469 2959 1495 3006 et
1501 2954 1695 3020 parturientibus
1705 2955 1837 3006 nil-nocere

273 3041 379 3121 αὐχεῖς,
392 3042 438 3104 ,σὺν
455 3043 542 3122 ρίρτιρ
557 3043 636 3108 δῦσας
648 3042 842 3122 Ἀριστομένην,
1087 3035 1213 3108 gloriaris,
1228 3057 1284 3093 curn
1298 3055 1372 3094 onere
1380 3041 1523 3092 immersisti
1533 3041 1711 3092 aristomenen.

472 3196 541 3246 ara.
570 3187 773 3247 ΒΙΑΝΟΡΟΣ.
1335 3190 1389 3238 ιιο.
1407 3187 1558 3236 brunonis.

218 3317 390 3401 ιΙίαρφαλίος
402 3322 471 3402 δίψει
486 3321 590 3382 Φοίδου
605 3322 695 3401 λσίτρις
711 3314 769 3383 εδτε
788 3323 909 3398 γυναικδς
1056 3328 1140 3378 Siccus
1153 3326 1195 3378 siti
1207 3324 1294 3376 Phoebi
1306 3324 1417 3374 minister
1428 3336 1524 3373 corona
1539 3335 1616 3385 quum
1633 3321 1744 3371 mulieris

271 3401 340 3472 εἶδεν
355 3409 418 3488 ὑπὲρ
441 3407 541 3485 τύμύου
556 3411 684 3489 κρωσσίον
698 3409 874 3488 ὀμὸροδύκον,
1085 3415 1150 3465 vidit
1164 3427 1238 3479 super
1252 3411 1349 3464 tumulo
1358 3409 1514 3475 lagunculam
1532 3410 1805 3473 imbris-receptricem,

234 3497 343 3576 κλοίγξεν
358 3495 422 3576 ὑπὲρ
442 3496 560 3576 χείλους,
584 3495 642 3554 ἀλλ’
655 3499 684 3554 οὒ
699 3495 772 3568 γένος
787 3497 885 3568 ἥπτετο
902 3502 1008 3576 βυσσοῦ.
1055 3504 1182 3555 crocitavit
1189 3515 1262 3566 super
1268 3501 1338 3550 labro
1349 3503 1429 3559 emis,
1438 3498 1569 3550 sedrostro
1576 3511 1624 3548 non
1631 3498 1712 3560 attigit
1723 3497 1834 3546 fundum.

272 3585 370 3657 Φοῑύε,
383 3583 414 3643 σὺ
427 3586 449 3642 δ’
464 3587 499 3651 εἰς
514 3585 607 3665 τέχνην
623 3582 690 3663 ὄρνιν
704 3583 891 3663 ἕκαιρονόμεις·
1086 3595 1192 3656 i’hoebe,
1204 3595 1232 3644 tu
1241 3606 1301 3643 nero
1312 3591 1338 3642 in
1347 3591 1477 3642 artificium
1487 3588 1805 3655 avemopportuneegistie

221 3675 354 3754 ’χερμσίδα
368 3673 395 3730 di
410 3671 529 3754 ψάμμων
545 3676 675 3753 σφαιρῶν,
685 3673 763 3731 πότον
778 3672 876 3752 ἅρπαγι
889 3675 970 3752 χείλει
1054 3698 1084 3734 ac
1094 3683 1189 3748 lapillos
1200 3681 1325 3746 de-glaraa
1334 3679 1487 3742 constipam,
1497 3683 1582 3742 potum
1593 3677 1675 3742 rapaci
1684 3675 1753 3726 labro

271 3761 363 3840 έρθανε
379 3761 538 3836 μαιμοίσσων
552 3759 721 3819 λαοτίνακτον
738 3759 816 3838 ὕδωρ.
1084 3767 1282 3837 propere-bausit
1291 3772 1378 3833 petens
1388 3766 1662 3830 lapidibus-submotam
1675 3779 1773 3830 aquam.

486 3905 548 3956 273.
569 3908 628 3953 Tor
643 3907 750 3956 aanor.
1331 3910 1384 3957 278.
1407 3916 1554 3960 crusnarr.

230 4030 373 4107 Καύματος
384 4031 409 4086 ἐν
422 4026 543 4105 θοίμνοισι
557 4027 713 4094 λαλίστατος
728 4027 805 4098 ἡνίκα
817 4028 900 4098 τέττιξ
1054 4038 1141 4088 θείοιο
1156 4037 1181 4086 in
1198 4035 1304 4086 arbustis
1316 4034 1490 4097 loquacissima
1501 4047 1578 4097 quum
1598 4033 1682 4083 cicada

270 4118 396 4198 φθέγξατο
410 4119 548 4196 διγλώσσῳ
563 4117 724 4193 μελπόμενος
742 4117 868 4195 στόματι,
1029 4114 1033 4177 i
1085 4125 1167 4176 sonuit
1178 4123 1278 4188 bilingui
1287 4136 1375 4173 canens
1384 4135 1439 4182 ore,

221 4206 226 4235 ί

1052 4287 1212 4353 impositaque
1223 4283 1297 4335 comis
1311 4299 1385 4332 verno
1397 4283 1427 4331 de
1438 4282 1497 4331 ilore
1514 4298 1602 4331 corona

1084 4368 1193 4419 Sollicito
1206 4366 1275 4416 docta
1289 4365 1329 4414 iila
1342 4381 1430 4414 canora
1446 4381 1527 4415 maon.

228 4451 340 4512 Fregerat
353 4447 461 4498 insanum
474 4447 553 4495 norim
568 4463 652 4497 mare:
668 4445 719 4494 rixo
733 4445 826 4495 duobus
1051 4453 1090 4502 sic
1103 4450 1162 4500 mihi
1173 4449 1289 4500 celestem
1304 4448 1391 4507 liceat,
1406 4447 1440 4497 sie
1455 4447 1626 4496 doemonium
1643 4463 1649 4496 :

225 4537 229 4544 '
263 4531 325 4579 ilinc
336 4538 387 4579 sata
397 4566 405 4591 ‚
416 4531 473 4578 dum
486 4531 591 4580 tabulam
605 4538 687 4595 raptat
700 4537 803 4592 uterque
817 4527 873 4578 sibi.
1084 4535 1193 4584 Floribus
1214 4543 1238 4583 et
1249 4531 1342 4583 cuhara
1355 4548 1400 4582 nec
1415 4533 1483 4598 polus
1496 4533 1546 4598 ipse
1558 4541 1632 4581 carel,

228 4613 334 4679 Vapulat
343 4615 470 4676 Antagorre
481 4611 615 4662 Pisistratus
632 4610 711 4662 :haul
726 4611 784 4660 uniri
798 4612 884 4660 mirum
899 4625 905 4660 τ

262 4694 409 4746 Cernebstnr
419 4696 483 4744 enim
493 4697 541 4744 uilo
554 4713 559 4745 :
571 4696 612 4744 sed
622 4697 687 4744 ultor
702 4697 775 4745 adest.
1316 4693 1373 4741 ²71·
1393 4693 1561 4726 *mmm*-

228 4767 314 4828 Enaiat
330 4777 386 4840 hic,
401 4778 463 4828 aller
471 4777 571 4828 canibus
587 4777 614 4827 srt
627 4779 705 4844 praeda
719 4778 838 4828 marinis:

264 4861 324 4924 Quis
337 4865 425 4927 putet?
438 4862 597 4910 Eumenidum
609 4861 683 4912 sentit
694 4872 718 4912 et
728 4863 791 4912 undo
805 4861 874 4912 laces.

437 4309 495 4370 269.
516 4322 649 4354 anrll’arlll
664 4321 808 4354 THESSALON.

1051 4821 1095 4869 llic
1106 4835 1172 4869 mare
1184 4820 1279 4885 quaudo
1291 4829 1343 4870 tuas
1355 4827 1408 4869 tuto
1419 4818 1564 4891 sulcabimus
1573 4817 1661 4876 ιιιιιλιε,

1084 4901 1107 4951 si
1121 4917 1164 4952 nos
1175 4902 1309 4967 alcyonum
1325 4910 1431 4968 tempore
1443 4900 1501 4950 llere
1509 4899 1597 4965 jubes?

1051 4984 1203 5050 alcyonum,
1217 4985 1348 5050 tranquilla
1362 4984 1448 5050 quibus
1461 4999 1486 5033 se
1501 4993 1607 5032 sternere
1620 4981 1687 5047 ponti

1085 5073 1132 5117 Pax
1146 5067 1222 5125 solet,
1236 5078 1263 5118 nt
1277 5084 1326 5116 non
1340 5067 1370 5118 sit
1382 5075 1447 5116 terra
1461 5066 1564 5117 tirneoda
1577 5065 1663 5114 nriuus.

228 5143 351 5210 Aspiciam
363 5144 420 5193 caelo
432 5144 540 5212 saltantis
555 5145 632 5196 sidera
645 5146 702 5196 ludo
718 5162 726 5196 ι
1051 5152 1169 5214 Τειιιροσε
1182 5157 1206 5197 at
1219 5147 1278 5208 hoc,
1293 5147 1367 5196 lidum
1378 5147 1452 5212 jactas
1467 5162 1514 5211 ιγιιο
1531 5144 1646 5211 partubus
1660 5159 1721 5198 esse,

261 5228 341 5279 Nescit
356 5230 381 5276 in
396 5226 512 5279 humanos
524 5246 565 5296 pes
579 5247 645 5281 nicus
659 5231 694 5280 irc
706 5230 806 5294 choros,
1085 5235 1092 5277 l
1096 5245 1162 5296 psum
1176 5245 1235 5279 ornus
1247 5240 1270 5279 et
1283 5229 1404 5279 dominnm
1416 5227 1500 5294 mergis
1512 5226 1685 5276 Aristomenen.

449 5024 506 5070 270.
524 5027 604 5058 Uitel
620 5025 783 5060 insinuari.
