3878 5912
220 440 261 501 at
788 437 1047 500 Attt'ttutoctAE
1069 441 1272 501 ratattNAE

258 569 413 654 σωφροσύνῃ
425 569 540 636 κολάσας
556 569 656 650 ἔντερον
672 571 808 652 ἀργαλέοι·

218 664 240 718 sl
255 657 305 737 γὰρ
323 658 377 736 έχιο
388 658 433 718 τθν
447 662 505 714 νούν
521 657 682 733 ἐπικείμενον
697 661 772 740 ὑψόθι
784 661 908 740 γαστρὸς,

233 810 235 818 ¹
256 749 311 812 πῶς
328 747 365 816 μὴ
378 745 476 816 νικήσαι
487 746 534 818 τὴν
548 747 779 824 θποτασσομένην;

480 893 540 942 171.
562 895 621 940 ΤΟΥ
639 896 743 944 ΑΥΤΟΥ.

219 1017 342 1096 Ὀργανα
355 1019 499 1091 Μουσάων,
518 1021 550 1078 τθι
566 1020 714 1081 πολύστονα
731 1023 821 1100 prelis
837 1028 931 1098 πωλῶ,

259 1107 297 1170 εἷς
308 1105 399 1184 ἑτέρας
413 1106 506 1184 τέχνης
521 1107 584 1186 ἔργα
596 1109 791 1189 μετερχόμενος.

222 1193 354 1270 Πιερίδες,
371 1193 514 1260 σιθζοισθε·
529 1197 615 1273 λύγοι,
628 1198 807 1276 ουντάσσομαι
822 1207 892 1277 ὑμῖν·

259 1279 377 1348 σύνταξις
390 1281 441 1359 γὰρ
456 1281 514 1358 ἐμοὶ
527 1282 571 1340 καὶ
585 1284 694 1343 θάνατον
708 1287 829 1364 παρέχει.

477 1437 536 1486 172.
557 1440 616 1484 ΤΟΥ
634 1441 742 1488 ΑΥΤΟΥ.

220 1560 344 1629 Ἐλπίδος
357 1561 416 1621 οὐδὲ
431 1562 521 1644 Τύχης
535 1564 574 1624 ἔτι
589 1589 634 1640 μοι
647 1567 735 1644 μέλει,
750 1567 802 1626 οὐδ’
814 1569 926 1648 ἀλεγίζει

257 1650 346 1710 λοιπὸν
360 1655 406 1722 τῆς
417 1653 538 1725 ἀπάτης·
550 1655 645 1724 ἤλυθον
664 1658 699 1724 είς
717 1655 824 1733 λιμένα.

219 1735 284 1812 Etpl
296 1737 374 1810 πένης
387 1739 520 1819 ἄνθρωπος
530 1787 538 1812 ,
550 1742 684 1822 ἐλευθερίῃ
697 1743 723 1801 δὲ
735 1749 859 1804 συνοικῶ·

256 1824 382 1906 θόριστλν
395 1827 485 1899 πενίης
500 1832 611 1889 πλοῦτον
626 1833 837 1912 ἀποστρέρομαι.

477 1977 536 2026 173.
557 1978 616 2023 ΤΟΥ
634 1979 741 2028 ΑΥΤΟΥ.

216 2093 296 2176 Ἀρχὴ
318 2105 504 2179 γραμματικῆς
513 2103 684 2184 πεντάοιιχός
699 2107 753 2164 ἐστι
766 2105 877 2187 κατάρα·

257 2188 358 2263 πρῶτος
376 2191 475 2263 μῆνιν
491 2189 561 2268 ἔχει·
576 2190 690 2268 δεύτερος
702 2195 896 2270 οὐλομένην,

216 2272 261 2329 καί
278 2273 345 2348 μετθι
357 2276 380 2332 θ’
391 2275 546 2353 οὐλομένην,
555 2283 664 2338 Δαναῶν
678 2281 758 2338 πάλιν
772 2281 835 2361 άλγ
844 2306 855 2341 ε
865 2306 881 2340 α
893 2285 995 2343 πολλά·

259 2362 273 2416 θ
288 2363 407 2438 τρίτατος
418 2362 527 2444 ψυχὰς
541 2367 589 2434 εἰς
601 2361 703 2438 Ἀίδην
717 2369 836 2446 κατάγει·

217 2451 263 2504 τοῦ
281 2447 309 2507 δὲ
324 2450 478 2529 τεταρταίου
491 2451 524 2512 τά
537 2454 654 2534 έλύνρια
669 2457 713 2515 καὶ
729 2457 829 2526 κύνες
844 2459 956 2540 ἀργοί·

256 2537 379 2616 πέμπτου
393 2542 415 2598 δ’
430 2541 557 2614 οἰωνοί,
571 2546 616 2602 καὶ
628 2545 729 2624 χόλος
741 2549 795 2608 lori
808 2548 889 2613 Διός.

219 2625 280 2691 Πῶς
293 2617 337 2686 οὐν
349 2629 532 2707 γραμματικὸς
547 2632 655 2690 δύναται
670 2635 737 2708 μετά
749 2635 825 2694 πέντε
839 2635 971 2716 κατάρας,

257 2713 302 2772 καὶ
314 2714 390 2774 πέντε
404 2715 532 2792 πτώσεις,
546 2721 583 2795 μὴ
599 2719 666 2797 μέγα
681 2721 771 2789 πένθος
785 2722 866 2802 ἔχειν,

479 2865 535 2916 ttt.
556 2869 614 2914 ΤΟΥ
632 2870 737 2916 ΑΥΥΟΥ.

217 2988 325 3049 Ἐνθάδε
341 2993 507 3052 παιδεύουσιν
521 2995 589 3064 όοοις
602 2997 734 3077 κεχολοιτο
751 3000 886 3078 Σάραπις,

255 3085 335 3137 τοῖσιν
348 3080 393 3138 ἀπ’
406 3082 589 3159 οὐλομένης
608 3085 751 3160 μήνιδος
765 3087 934 3168 ἀρχομένοις·

216 3163 276 3221 ἔνθα
288 3165 379 3246 τρορθς
394 3167 462 3227 κατθι
477 3175 548 3246 μῆνα
561 3171 631 3253 φέρει
646 3173 738 3246 μισθὸν
751 3178 809 3248 μετ’
822 3175 952 3253 ἀνάγκης,

258 3253 349 3335 βύθλιρ
364 3257 408 3314 καὶ
421 3257 509 3337 χάρτῃ
522 3259 658 3336 δησαμένη
673 3261 775 3332 πενίην·

172 3363 187 3398 s
217 3343 251 3405 b<
262 3339 288 3398 δὲ
296 3342 433 3420 κάπνισμα
442 3350 506 3402 τιθεῖ
515 3347 640 3425 παράτδν
654 3347 753 3426 θρόνον,
762 3351 796 3416 ὡς
805 3348 877 3428 πορθ
887 3350 993 3427 τύμύυν,

256 3428 300 3487 τὸν
315 3431 407 3508 μικρὸν
419 3433 534 3512 χάρτην,
549 3433 593 3492 τὸν
608 3438 847 3514 παραριπτύμενον.

218 3517 332 3575 Κλέπτει
349 3520 373 3576 δ’
384 3518 409 3586 ἐξ
423 3520 510 3596 ὀλίγον
526 3521 626 3598 μισθὸν,
642 3523 686 3581 καί
698 3524 799 3601 χαλκὸν
814 3524 933 3600 ἀμιίθει,

255 3603 299 3662 καί
314 3605 422 3683 μόλιύον
435 3607 536 3684 μίσγει,
549 3608 594 3667 καὶ
607 3609 637 3668 πθ
651 3609 706 3677 ἔθος
718 3612 832 3692 δέχεται.

219 3692 250 3749 El
262 3689 291 3750 δέ
303 3715 342 3758 τις
357 3696 392 3760 εἰς
407 3696 522 3755 ἐνιαυτὸν
536 3696 595 3774 ἄγοι
608 3701 717 3776 χρυσοῖο
732 3699 864 3776 νόμισμα,

162 3795 186 3833 ιο
244 3778 383 3858 ’ἑνδεκάτῳ
395 3781 472 3857 μηνὶ,
485 3781 547 3862 πρίν
562 3787 710 3863 προφέρειν,
723 3785 837 3860 μετέύη,

247 3947 390 3998 indomitam
409 3960 501 4016 partem
514 3951 534 4000 si
546 3953 639 4002 ratioue
650 3954 744 4003 domem
755 3971 762 4014 ;

214 4031 243 4076 Et
256 4029 367 4093 quidni,
381 4048 436 4081 cum
457 4042 542 4084 rentre
553 4034 645 4085 animus
658 4036 785 4088 sublimior
797 4046 887 4099 exstet,

247 4111 351 4162 Vincere
364 4113 395 4163 sit
407 4114 476 4166 nobis
489 4115 601 4167 inferiora
613 4118 712 4170 datum?

511 4290 566 4336 171.
586 4291 702 4327 crusnam.

209 4426 350 4488 limptnrem
361 4425 453 4476 miseris
465 4430 589 4478 Musarum
603 4445 684 4494 quaero
697 4431 799 4494 libellis,

246 4505 355 4558 Utilioria
368 4510 431 4558 enim
444 4510 531 4559 molior
541 4511 599 4562 artis
611 4529 678 4578 opus.

210 4585 305 4653 cyrrha
320 4589 373 4639 sale
384 4600 456 4655 atque
467 4591 584 4654 Helicon,
603 4609 659 4643 aam
673 4596 737 4646 malo
753 4597 833 4648 dicere
843 4615 923 4649 causas

245 4666 323 4733 Quina
335 4671 417 4720 mortis
431 4687 525 4721 causam
537 4674 617 4723 dicere
629 4677 824 4731 Grammaticam.

510 4853 564 4901 apa.
579 4857 692 4891 arusnsas.

211 4997 329 5048 fraudum
338 4997 387 5063 jam
398 4999 454 5048 satis
466 5010 514 5062 est;
529 5017 582 5068 spes
595 5011 620 5051 et
634 5001 729 5052 fortuna
743 5004 819 5054 ralete
832 5022 839 5056 ι

244 5081 343 5146 Navigat
357 5081 382 5132 in
394 5092 465 5148 portu
475 5084 525 5148 jam
539 5101 592 5136 mea
608 5086 692 5152 cymba
704 5103 756 5138 suo.

212 5166 304 5229 Pauper
313 5180 366 5224 ero,
380 5165 420 5214 sed
434 5165 496 5216 liber
511 5177 535 5216 et
553 5167 616 5216 haud
636 5167 753 5219 obnoxius
766 5172 823 5236 ulli,

244 5247 387 5312 spernentes
404 5246 462 5296 alios
473 5263 585 5313 spernere
596 5260 676 5299 certus
690 5269 756 5319 opes.

1074 581 1195 633 modestia
1205 581 1328 646 castigans
1338 581 1433 632 riscera
1446 581 1564 632 terribilia
1578 601 1586 632 ε

1044 669 1065 720 si
1078 661 1144 720 enim
1157 669 1235 720 liabeo
1247 672 1356 719 mentem
1370 669 1513 720 collocatam
1526 683 1601 733 supra
1615 675 1736 734 ventrem,

1075 763 1117 823 qut
1132 773 1180 809 non
1194 759 1292 809 vincam
1305 757 1455 819 subjectam?

1329 887 1379 934 171.
1402 897 1549 939 stusnntt.

1044 1021 1211 1070 instrumenta
1222 1021 1363 1078 Musarum,
1375 1017 1737 1086 imprimendum-gemat,
1755 1021 1833 1074 tauro,-

1075 1107 1100 1155 in
1114 1105 1178 1156 alius
1188 1105 1249 1156 artis
1259 1119 1333 1169 opera
1344 1106 1475 1156 transiens.
1719 1109 1832 1173 luendo,

1045 1191 1162 1253 Pierides,
1176 1193 1270 1243 ralete!
1285 1192 1373 1252 litere,
1388 1192 1498 1244 ruledicc
1512 1193 1604 1244 robis:

1076 1283 1185 1347 syntaxis
1197 1283 1264 1333 enim
1278 1282 1339 1332 milri
1352 1283 1391 1332 rel
1404 1287 1510 1334 mortem
1519 1284 1624 1348 prebet.

1323 1437 1375 1486 172.
1399 1445 1553 1487 ttusutrtt.

1043 1583 1094 1635 Nec
1107 1585 1163 1648 Spei
1175 1598 1220 1635 nec
1232 1584 1345 1632 Fortunas
1361 1582 1413 1644 jam
1431 1582 1492 1632 mibi
1502 1585 1621 1643 curaest,
1637 1596 1681 1634 nec
1695 1583 1829 1634 rationem·

1073 1659 1188 1733 deinceps
1198 1671 1288 1722 fraudis
1301 1662 1364 1720 rlttii
1376 1672 1486 1732 portum.
1741 1667 1831 1749 [trabea

1043 1763 1103 1810 Sum
1116 1772 1207 1823 egenus
1219 1760 1303 1820 nnnc,
1313 1757 1427 1809 libertate
1440 1773 1500 1808 vero
1515 1759 1754 1810 utor-contubcmali
1770 1781 1776 1808 :

1074 1844 1416 1910 quaecorrtumeliis-altrciunt
1424 1848 1603 1908 paupertatem,
1610 1844 1709 1894 diritius
1719 1859 1826 1896 arcrsor.

1326 1985 1377 2031 tta.
1401 1970 1548 2031 sr'usoau.

1044 2106 1144 2156 lnrtium
1158 2106 1324 2170 grammaticas
1336 2104 1577 2166 quinque-rcrsuum
1588 2104 1627 2150 cst
1643 2100 1788 2164 imprecatio
1802 2121 1807 2148 :

1072 2193 1166 2258 primus
1179 2215 1191 2238 ιι
1201 2197 1266 2245 Iram
1277 2215 1289 2238 υ
1306 2191 1395 2252 babet3
1412 2189 1535 2240 securum
1548 2209 1554 2239 :
1569 2191 1723 2238 «Funestam
1737 2210 1760 2250 υ,

1041 2283 1146 2348 etpost«
1158 2283 1281 2333 funestam
1294 2303 1306 2326 ν
1318 2291 1424 2330 πορεύεν
1435 2280 1575 2328 Danaorum
1586 2276 1684 2327 dolores
1696 2297 1707 2322 ι
1718 2278 1826 2336 mult-sar

1071 2367 1160 2418 tertlus
1172 2388 1185 2412 «ι
1199 2368 1298 2419 Animas
1311 2367 1337 2416 in
1348 2369 1441 2415 Orcum
1454 2385 1466 2408 ν
1476 2363 1592 2424 deducit;

1040 2459 1121 2518 quarta
1132 2469 1191 2508 rero
1199 2459 1262 2507 suut
1276 2477 1285 2500 ι
1299 2453 1606 2513 praedecesserunt»,

1069 2543 1150 2606 quinti
1160 2546 1245 2595 autem
1257 2563 1269 2588 ι
1282 2547 1347 2593 Ares
1357 2563 1369 2586 ν
1380 2545 1406 2592 et
1416 2560 1429 2585 ι
1441 2541 1501 2591 lillis
1512 2545 1550 2591 est
1562 2541 1642 2592 loris.
1656 2561 1668 2584 ν

1040 2637 1087 2693 Qut
1098 2634 1169 2698 igitur
1180 2633 1355 2698 grammaticus
1365 2635 1448 2696 potest
1456 2635 1514 2696 post
1524 2631 1631 2695 quinque
1637 2631 1827 2695 imprecationes

1070 2728 1096 2774 et
1108 2724 1217 2786 quincue
1230 2736 1311 2784 casus,
1325 2735 1374 2772 non
1387 2735 1504 2785 magnum
1517 2720 1627 2770 dolorem
1641 2720 1754 2772 habere?

1318 2866 1371 2912 171.
1395 2873 1542 2914 EJUSDEM.

1041 3005 1085 3052 illc
1095 3002 1184 3052 docent
1194 2981 1391 3066 quibuscumque
1400 3001 1478 3050 iratus
1488 3003 1527 3050 est
1541 2999 1647 3063 Sarapis,

1071 3089 1114 3152 qui
1129 3088 1159 3139 ab
1175 3109 1186 3132 a
1201 3087 1310 3142 Baitiosa
1322 3089 1358 3137 ira
1371 3107 1383 3132 ν
1396 3085 1541 3147 ordiuntur3

1039 3173 1083 3226 lu‘e
1091 3175 1132 3226 ubi
1141 3176 1223 3226 nutrix
1231 3173 1463 3240 sbtgulismenslbus
1472 3174 1520 3226 lert
1527 3174 1665 3225 nrcroedem
1675 3177 1824 3236 necessario,

1070 3263 1133 3313 libro
1146 3268 1172 3313 et
1188 3262 1272 3314 charla
1284 3263 1412 3315 involvens
1424 3266 1610 3328 paupertatem,

1039 3355 1064 3402 et
1074 3352 1138 3402 sicut
1148 3351 1208 3401 thus
1217 3351 1285 3415 ponit
1294 3349 1326 3401 ad
1335 3349 1554 3414 sedem-magistri,
1566 3350 1824 3414 relutadsepulcrum,

1069 3453 1170 3503 parram
1182 3440 1249 3489 illam
1263 3439 1374 3490 clrartam
1387 3440 1531 3504 projectam.

1039 3533 1145 3580 Furatur
1157 3534 1241 3582 autem
1255 3546 1286 3582 er
1299 3543 1376 3595 parvo
1389 3529 1536 3592 mercedem,
1551 3535 1576 3580 et
1587 3545 1623 3580 rus
1636 3533 1733 3591 mutat,

1068 3619 1093 3667 et
1107 3617 1235 3681 plumbum
1249 3618 1349 3676 miscet,
1362 3618 1388 3667 ct
1401 3616 1501 3666 solitum
1514 3617 1611 3680 accipit.

1037 3704 1061 3754 Si
1074 3717 1132 3754 vero
1145 3705 1233 3770 quisin
1243 3718 1334 3755 annum
1343 3703 1434 3768 pendat
1443 3704 1498 3754 auri
1507 3718 1619 3764 numum,

1069 3793 1198 3843 undecimo
1205 3805 1297 3854 mense,
1305 3791 1591 3856 priusquamcrpmmat,
1599 3793 1814 3844 adolium-transit

1332 3955 1388 4016 173.
1407 3969 1525 4004 masuam.

1037 4051 1107 4099 Diras
1118 4051 1224 4116 quinque
1236 4060 1320 4100 tenent
1328 4067 1330 4073 ·
1339 4051 1469 4118 primordia
1486 4052 1718 4116 Grammaticorum

1073 4138 1110 4181 lra
1123 4133 1212 4182 etenim
1224 4134 1302 4199 prima
1318 4143 1354 4183 est
1369 4151 1376 4186 ε
1390 4135 1465 4184 altera
1475 4136 1602 4201 pernicies·

1038 4218 1067 4263 Er
1082 4231 1137 4262 cum
1151 4214 1257 4280 pernicie
1270 4218 1409 4265 Danaorum
1423 4217 1489 4267 mille
1501 4218 1596 4268 dolores
1611 4235 1618 4270 :

1070 4301 1168 4364 Aipora
1180 4299 1211 4348 ad
1224 4299 1314 4364 Stygias
1327 4299 1399 4349 tertia
1409 4299 1485 4350 mittit
1501 4317 1584 4366 aquas.
1661 4337 1669 4378 ,

1036 4385 1124 4430 Versus
1138 4381 1210 4430 babet
1226 4391 1325 4447 quartus
1338 4383 1489 4448 predamque
1501 4400 1620 4449 mnesque
1635 4401 1752 4452 rapaces,

1068 4465 1172 4527 Quintus
1185 4481 1240 4514 ares
1251 4474 1369 4516 monstrat
1377 4466 1489 4532 jussaque
1502 4483 1562 4518 sera
1574 4466 1650 4518 Joris.

1034 4549 1065 4595 Et
1082 4546 1125 4610 qui
1140 4547 1315 4598 Grammaticus
1328 4557 1386 4614 post·
1399 4558 1447 4598 tarn
1460 4550 1519 4599 lara
1532 4551 1613 4606 omitia
1628 4552 1752 4619 quinque,

1067 4628 1165 4678 Casibus
1178 4629 1307 4696 implicitus
1319 4631 1441 4698 quinque,
1453 4632 1484 4682 sit
1497 4631 1586 4699 absque
1599 4635 1686 4694 malis?

1333 4759 1389 4810 ¹74·
1405 4767 1522 4800 uusnrra.

1034 4849 1080 4899 llic
1093 4851 1162 4900 docet
1177 4853 1238 4901 irato
1251 4854 1396 4920 quicumque
1406 4855 1519 4921 Serapide
1531 4865 1600 4905 natus

1066 4933 1212 4999 Principium
1226 4951 1256 4984 ex
1264 4935 1299 4984 ira
1311 4936 1465 5002 pernicieque
1474 4936 1548 5003 capit.

1033 5017 1122 5064 Exacto
1132 5015 1237 5081 pretium
1247 5016 1294 5069 sert
1307 5034 1388 5068 mense
1399 5028 1481 5069 coacta
1499 5019 1629 5082 juventus,

1066 5098 1205 5163 pauperiem
1220 5098 1304 5149 cbarta
1319 5101 1478 5166 pelliculaque
1491 5110 1579 5166 tegens.

1034 5182 1120 5228 anus
1132 5189 1158 5228 ut
1173 5180 1203 5229 ad
1215 5182 1348 5246 tumulum,
1364 5182 1398 5231 sic
1412 5181 1495 5232 charta
1514 5199 1527 5231 a
1543 5182 1651 5233 tristibus
1668 5183 1715 5235 illis

1066 5260 1102 5308 ad
1117 5261 1202 5311 solium
1215 5261 1291 5312 lertur
1302 5264 1442 5330 projiciente
1455 5281 1536 5316 manu.
