3774 5914
384 379 508 438 CAPUT
530 378 579 437 IX.
604 373 884 437 EPIGRAMMATA
905 371 1240 433 ltEmoNsTlsaulvn.

321 516 382 566 455.
402 517 496 563 Anno.

129 614 188 669 Τίνας
197 612 222 660 ἂν
233 609 292 659 εἶπαι
306 609 389 670 λόγους
398 607 514 658 Ἀπόλλων
526 607 579 669 περὶ
590 604 705 666 Ὀμήρου.

56 742 141 805 Ἥειδον
155 735 196 812 μὲν
210 729 292 810 ἐγὼν,
308 730 441 809 έχάρασσε
456 727 483 790 δὲ
498 732 564 794 θεῖος
578 723 710 806 Ὄμηρος.

319 851 380 902 456.
402 853 498 900 snn0.

237 943 346 1004 Πασιφάη
358 943 414 1006 πρὸς
425 944 465 991 τόν
481 944 584 1006 Ἔρωτα.

53 1059 81 1118 Εἰ
90 1052 174 1112 ποθέειν
188 1051 214 1125 μ’
229 1045 345 1114 ἐδίδαξας
357 1047 383 1102 έν
396 1046 482 1122 οὔρεσι
495 1051 589 1124 ταῦρον
604 1046 720 1118 ἀλήτην,

55 1141 166 1222 μυιηθμόν
180 1161 210 1216 με
224 1135 339 1212 δίδαξον,
356 1135 408 1216 ὅτῳ
426 1135 499 1216 ρίλον
516 1135 597 1217 ἄνδρα
610 1137 740 1198 καλέσσω.

320 1275 382 1324 457.
403 1277 498 1322 ΑΔΛΟ.

126 1367 153 1418 Τί
162 1370 187 1418 ἂν
197 1367 255 1416 εἴποι
270 1367 382 1430 Ἀχιλλεὺς
393 1369 517 1430 τρωθέντος
528 1368 704 1432 Ἀγαμέμνονος.

51 1498 135 1572 Ἔγνως
149 1499 203 1563 νῦν,
217 1490 400 1568 Ἀγάμεμνον,
415 1489 477 1564 έμδν
495 1491 639 1571 φθισήνορα
656 1491 752 1568 θυμόν·

52 1584 117 1659 ἔγνως
129 1585 151 1639 ἐν
162 1579 292 1658 σταδίησιν
307 1577 367 1636 ὅσον
382 1576 469 1644 σθένος
482 1577 610 1658 Ἕκτορός
625 1582 692 1638 ἐστι.

51 1675 95 1733 Νῦν
108 1671 152 1748 γάρ
163 1669 253 1734 πάντες
269 1667 359 1726 ὄλοντο
374 1671 421 1745 τεῇ
435 1667 602 1741 πολυπήμονι
617 1669 703 1749 latiq-

51 1761 84 1818 σοὶ
97 1759 116 1818 δ’
128 1759 191 1835 αὐτῷ
205 1756 271 1832 μέγα
287 1760 365 1831 πῆμα
380 1754 465 1836 φάνη,
481 1756 602 1816 θανάτοιο
614 1757 724 1836 χέρειον.

50 1845 184 1928 ’Appositum
203 1842 273 1902 κακά
288 1842 351 1923 ἔργα
377 1843 539 1922 suidegerus
561 1843 658 1904 πένθεα
678 1848 805 1926 πάσχεις,

50 1935 149 2002 θςπθσιν
160 1937 296 1992 Δαναοῖσιν
312 1931 402 2011 σἰρήῖσν
418 1931 489 2007 ἕρκος
504 1933 624 2014 ἐτάχθης.

324 2077 387 2127 458.
408 2079 504 2126 ΔΛΛΟ.

142 2167 169 2216 Τί
178 2168 204 2214 δν
214 2165 277 2214 εἶπαι
290 2165 420 2223 Ὀδυσσεὺς
434 2169 515 2224 ὲπιθάς
531 2175 571 2225 τῆς
588 2169 686 2228 Ἰθάκης.

49 2289 113 2365 Χαῖρ’
125 2287 227 2358 Ἰθάκη·
240 2289 300 2364 μετ’
313 2287 408 2359 άεθλα,
419 2292 477 2363 μετ’
490 2289 571 2370 άλγεοι
582 2293 663 2370 πικρὰ
675 2296 808 2366 θαλάσσης

49 2376 164 2444 ἀσπασίως
173 2379 229 2436 τεόν
246 2369 324 2444 οὖδας
336 2379 478 2454 ἱκάνομαι,
492 2377 559 2459 oppa
573 2382 660 2451 νοήσω

47 2464 164 2544 λιέρτην,
178 2466 276 2545 ἄλοχόν
291 2490 320 2525 τε
336 2469 380 2525 καί
392 2468 488 2544 σἰγλαὸν
505 2469 563 2528 υἱέα
580 2475 686 2543 μοῦνον·

48 2555 82 2620 σὸς
93 2554 137 2633 γάρ
150 2553 211 2632 ἔρως
225 2553 380 2622 κατέθελξεν
391 2557 453 2632 ἐμόν
467 2555 536 2615 νόον.
579 2547 648 2620 Οἶδα
662 2561 707 2619 καὶ
722 2563 807 2632 αὐτὸς,

47 2671 57 2694 s
73 2647 102 2710 ὣς
114 2645 181 2705 οὐδὲν
195 2642 301 2722 γλύκων
318 2637 350 2717 ἧς
362 2645 485 2725 πατρίδος
500 2645 557 2705 οὐδὲ
569 2647 681 2720 τοκήων.
697 2678 708 2700 ν

328 2786 392 2837 459.
413 2789 506 2836 Addo.

107 2874 133 2924 'li
144 2875 171 2923 ἂν
184 2874 246 2924 sinos
256 2874 374 2938 Ἀχιλλεὺς
384 2876 445 2938 δρῶν
455 2877 495 2926 τόν
505 2876 625 2928 Ὀδυσσέα
638 2880 662 2929 δν
672 2881 727 2944 ᾅδῃ.

46 2995 166 3076 Ἀτρεκέως
178 2998 286 3056 πάντων
302 2997 490 3076 πολυμήχανός
507 3001 577 3058 σ’στιν
591 2999 750 3071 Ὀδυσσεύς·

47 3087 99 3154 ζωός
111 3085 157 3145 έδιν
172 3086 281 3158 ἐνόησεν
297 3086 363 3162 δμή
379 3087 451 3163 θέμις
465 3088 536 3148 ἐστὶν
551 3089 669 3168 ἰδέσθαι,

45 3173 154 3252 ιερτίριον
167 3178 309 3248 κευθμῶνα
323 3176 369 3233 καὶ
385 3174 468 3252 ἄλγεα
482 3176 564 3254 πικρά
579 3178 718 3240 θανόντων.

46 3261 97 3326 Πῶς
106 3263 127 3319 δ’
139 3262 199 3344 ἔτλη
213 3264 356 3338 προλιπεῖν
372 3263 440 3343 ἱερὸν
453 3264 517 3340 φάος
526 3263 561 3338 ;ή
575 3266 614 3332 τίς
628 3269 730 3345 ἀνάγκη

45 3345 128 3426 ήγαγεν
139 3351 185 3408 οθκ
197 3350 339 3426 ἐθέλοντας
354 3350 437 3410 δόλων
453 3350 579 3429 ἀκόρητος
594 3355 690 3432 ἐτάχθη

44 3437 140 3513 έιχθονί
152 3437 197 3496 καί
207 3438 358 3516 πελάγεσσι
374 3439 419 3496 καί
434 3441 461 3496 εἶν
472 3439 604 3501 νεκύεσσιν
621 3441 771 3513 Ὀδυσσεύς.

332 3581 393 3634 460.
414 3584 509 3632 ΑΔΛΟ.

130 3669 158 3719 Τί
169 3673 198 3719 ἂν
211 3671 277 3722 εἴποι
293 3672 409 3735 Ἀχιλλεὺς
422 3675 482 3738 ὀρῶν
491 3675 522 3723 τά
533 3675 595 3724 ὅπλα
605 3677 709 3740 κείμενα.

43 3789 133 3866 Μῆτερ,
153 3791 251 3871 τεύχεα
265 3797 352 3850 ταῦτα
365 3793 410 3851 καλ
430 3794 517 3869 ἀγλαδι
530 3798 601 3874 δῶρα
613 3798 726 3873 κομίζεις

1141 513 1196 560 itt.
1219 519 1325 562 saluo.

909 680 914 690 Ι
951 631 1023 680 Quem
1037 625 1129 670 liaberet
1138 633 1266 669 sermonem
1278 621 1397 679 apollode
1412 625 1519 667 lloruuro.

846 725 968 778 canebam
978 723 1079 789 quidem
1086 735 1140 786 ego,
1147 719 1257 772 exarandi
1267 731 1325 770 uero
1334 718 1431 771 divium
1446 723 1575 770 liomerus.

1143 837 1199 884 456.
1220 845 1327 886 Αιθθθθθ.

1098 931 1204 988 Pasiphae
1220 931 1247 976 ad
1259 935 1371 978 Amorem

846 1049 872 1099 si
884 1061 975 1112 cupere
988 1061 1028 1098 me
1046 1044 1152 1096 docuisti
1170 1044 1196 1094 in
1210 1045 1336 1094 montibus
1351 1047 1451 1094 taurum
1461 1047 1596 1104 errantem,

846 1138 967 1200 mugitum
981 1148 1021 1184 me
1032 1133 1108 1194 doce,
1121 1145 1171 1195 quo
1184 1145 1268 1182 meum
1285 1133 1365 1182 virum
1379 1145 1475 1182 recem.

1134 1265 1202 1315 dot.
1226 1275 1329 1316 saluo.

949 1373 1007 1427 Quid
1023 1375 1116 1419 dixisset
1129 1339 1225 1420 Achilles
1237 1371 1338 1416 sauciato
1351 1373 1525 1424 agaunumnone.

848 1489 917 1540 liosti
930 1502 1006 1548 nunc,
1019 1503 1035 1538 o
1049 1495 1226 1554 Agamemnon,
1243 1500 1327 1538 meum
1339 1483 1559 1549 uiros-perdentem
1577 1484 1628 1533 ani-

848 1579 913 1628 nosti
922 1577 946 1626 in
958 1569 1064 1628 sta'iariis
1077 1577 1165 1642 pugnis
1176 1579 1268 1640 quanta
1278 1575 1317 1625 ris
1326 1574 1439 1625 Hectoris
1452 1573 1493 1623 sit.
1530 1572 1630 1637 [mum;

848 1668 917 1716 liuuc
928 1667 994 1716 enim
1002 1679 1087 1736 ornnes
1096 1667 1221 1730 perierunt
1229 1667 1356 1729 per-tuam
1365 1662 1558 1714 infelicissimam
1571 1661 1633 1724 iniu-

849 1753 896 1804 libi
906 1767 966 1804 vero
977 1753 1025 1817 ipsi
1035 1767 1123 1818 magne
1136 1753 1203 1804 labes
1214 1753 1325 1812 exstitit,
1337 1755 1416 1802 morte
1429 1751 1509 1817 pejor.
1537 1749 1609 1814 [riam
1624 1764 1631 1799 ε

849 1842 985 1893 Dementiae
996 1842 1145 1906 malaopera
1163 1843 1189 1892 et
1199 1840 1364 1890 intolerabiles
1380 1840 1463 1890 luctus
1473 1838 1579 1902 pateris,

849 1926 893 1991 qui
906 1926 1020 1976 omnibus
1034 1927 1125 1977 Danais
1140 1926 1254 1976 bellicum
1267 1924 1477 1989 propugnaculum
1490 1937 1555 1974 eras.

1149 2077 1204 2124 458.
1226 2083 1333 2124 setun.

987 2187 1047 2242 Quid
1060 2186 1152 2232 dixisset
1166 2186 1253 2240 ulysses
1267 2185 1382 2240 ingressus
1395 2182 1502 2228 ltbacam.

851 2303 936 2362 Salve,
947 2317 962 2352 o
975 2303 1059 2354 ithaca
1070 2321 1076 2352 ι
1087 2303 1143 2366 post
1153 2299 1264 2360 labores,
1277 2301 1334 2363 post
1346 2297 1444 2348 dolores
1453 2309 1549 2346 amaran
1562 2295 1636 2344 maris

851 2389 1013 2441 libentissime
1022 2393 1095 2442 tunm
1109 2389 1189 2439 solum
1203 2385 1333 2452 ingredior,
1348 2388 1378 2436 ut
1391 2383 1489 2435 rideam

851 2479 970 2540 Laerten,
983 2491 1132 2540 uxoremque
1144 2479 1170 2527 et
1180 2473 1335 2540 splendidum
1349 2473 1428 2524 illium
1438 2471 1539 2522 unicum
1554 2493 1560 2524 :

852 2565 890 2616 tui
906 2565 971 2616 enim
982 2577 1052 2616 amor
1061 2565 1184 2616 mulcebat
1197 2577 1278 2614 meam
1287 2563 1403 2613 mentem.
1436 2559 1499 2610 Novi
1511 2561 1538 2610 et
1555 2559 1607 2623 ipse

854 2673 866 2697 ι
885 2652 945 2703 ninii
959 2652 1056 2704 dulcius
1069 2665 1123 2702 esse
1136 2652 1216 2716 patria
1227 2663 1306 2714 neque
1317 2647 1468 2713 parentibus.
1485 2666 1497 2691 ν

1150 2800 1205 2848 459-
1226 2805 1338 2848 ALtUD.

934 2892 996 2946 Quld
1011 2893 1103 2937 dixisset
1119 2891 1216 2938 Achilles
1234 2891 1312 2936 ridens
1326 2891 1428 2946 Dissssm
1446 2889 1470 2934 lu
1485 2890 1551 2933 Orco.

855 3009 918 3056 vere
930 3008 1077 3058 omni-inm
1087 3007 1263 3058 solertissimus
1277 3008 1315 3056 est
1328 3006 1429 3068 mimas
1443 3025 1450 3054 τ

855 3094 928 3144 rivus
944 3095 996 3159 ipse
1010 3094 1071 3146 vidit
1082 3109 1137 3158 quaa
1150 3098 1197 3144 ndu
1212 3095 1248 3144 ias
1259 3098 1297 3144 est
1307 3107 1420 3155 cernere,

855 3183 962 3233 internas
971 3183 1078 3234 latebras
1088 3186 1115 3233 et
1125 3183 1223 3234 dolores
1237 3195 1333 3232 amaros
1343 3184 1506 3233 mortuorum.

855 3269 984 3328 Quomodo
1003 3273 1086 3322 autem
1101 3271 1219 3321 sustinuit
1238 3271 1352 3321 deserere
1371 3283 1467 3322 sacram
1485 3270 1581 3320 lucem?
1601 3269 1638 3318 rel

855 3357 960 3409 adduxit
972 3358 1094 3410 nolentem
1104 3362 1114 3408 l
1123 3359 1193 3409 Dolis
1203 3358 1341 3422 inexpletus
1355 3360 1394 3409 est
1426 3356 1640 3423 [quaenecessitas

856 3446 881 3496 in
896 3449 962 3496 terra
973 3449 999 3497 et
1012 3446 1074 3498 mari
1086 3450 1111 3498 et
1124 3447 1148 3496 in
1162 3446 1266 3496 mortuis
1281 3437 1389 3510 Ulysses.

1153 3598 1210 3645 loo.
1231 3605 1339 3648 sttui).

965 3705 1025 3761 Quid
1039 3707 1131 3752 dixisset
1146 3706 1244 3752 sobsslcs
1259 3706 1339 3752 ridens
1350 3717 1411 3752 arma
1424 3706 1530 3762 iacentia.

858 3820 879 3868 0
894 3821 981 3879 maier,
997 3832 1065 3868 anna
1082 3819 1135 3868 lraec
1145 3822 1170 3870 et
1184 3819 1312 3884 splendida
1325 3819 1390 3871 dona
1405 3820 1454 3870 iers

48 3903 1636 3942 -———--—--——-—-—---——.-.

141 3961 198 4016 455.
218 3977 287 4019 onan
306 3977 414 4008 ινιιινιιτ
431 3978 523 4010 aronno
541 3981 572 4010 na
590 3957 715 4016 nouenos

41 4074 85 4122 iloe
96 4089 136 4138 ego
147 4074 284 4140 precinui,
297 4075 391 4124 diuinus
402 4076 497 4142 scripsit
511 4081 638 4130 Homerus.

213 4209 277 4265 456.
298 4223 360 4266 quun
378 4224 480 4258 nsxsnsr
496 4226 628 4272 assianus,

316 4309 419 4355 Teucrum
432 4325 525 4361 amaris.

41 4441 282 4502 messanensem
295 4441 336 4506 qui
349 4456 388 4491 me
400 4441 468 4492 bouis
477 4459 526 4493 ease
536 4445 650 4509 docebas,

40 4523 64 4571 D
72 4524 159 4589 mugire
169 4525 248 4589 doce,
259 4523 367 4575 trahitur
379 4527 411 4576 sic
423 4527 463 4576 iile
474 4527 583 4580 meritus.

49 4651 99 4712 457.
116 4669 180 4712 quan
198 4670 320 4702 scurnum
339 4671 464 4716 nsxxsrr,
476 4653 602 4714 οιιένισποιρ
612 4661 802 4724 Agamemnone.

38 4781 148 4846 Tandem,
160 4785 250 4849 credo,
261 4784 341 4840 uides,
353 4787 515 4849 Agamemnon
526 4823 533 4847 ,
546 4787 603 4852 quid
616 4805 666 4838 mea
679 4799 758 4856 qrorlct

42 4863 73 4910 ira
85 4865 152 4924 mali,
164 4875 289 4932 quantum
300 4881 352 4915 sese
363 4865 424 4915 ierat
436 4871 527 4917 Hector
539 4868 563 4917 iu
578 4871 660 4923 armis.

41 4947 133 4998 emine
146 4950 240 5016 quippe
255 4958 302 5000 tuo
315 4952 392 5002 Graias
405 4951 497 5017 periere
510 4951 650 5018 phalanges,

42 5029 66 5075 ix
77 5037 160 5096 tequea
172 5032 290 5097 sequitur
303 5040 380 5082 morte
393 5041 429 5082 est
441 5031 536 5082 iufamia
551 5036 626 5099 pejor.

42 5111 82 5160 ilas
92 5111 177 5162 nerito
189 5130 277 5180 pennu
292 5115 334 5162 das
346 5130 390 5180 pru
404 5114 554 5163 dementibus
568 5117 644 5178 nussia,

44 5192 83 5252 Qui
92 5195 152 5244 solus
163 5198 280 5245 Danaam
294 5196 357 5245 credi
371 5197 443 5245 tutela
457 5195 560 5248 solebas.

1062 3982 1120 4037 453.
1139 3999 1201 4039 quau
1216 3999 1319 4030 nrxrsrr
1336 3999 1443 4042 unussss,

1107 4088 1158 4119 σιιοι
1171 4070 1281 4120 Ithacum
1292 4071 1392 4121 nemrot.

861 4169 914 4215 Post
928 4167 1011 4232 pelago
1025 4175 1115 4231 tantos,
1129 4167 1226 4228 Ithace,
1240 4179 1352 4236 terraque
1365 4168 1459 4218 iabores

860 4247 936 4298 Dulce
948 4257 1016 4298 tuum
1027 4250 1131 4315 tetigisse
1142 4250 1234 4312 solum,
1245 4259 1376 4316 natumque
1387 4251 1468 4300 sidere

861 4331 1008 4397 Unigenum,
1019 4343 1160 4399 patremque
1170 4350 1250 4383 senem
1261 4349 1316 4384 cnm
1326 4333 1424 4399 conjuge
1434 4344 1507 4385 casta.

860 4415 970 4479 Namque
983 4415 1019 4464 tui
1029 4430 1069 4464 me
1077 4415 1151 4464 traxit
1159 4429 1237 4477 arnor,
1249 4431 1293 4465 nec
1305 4416 1403 4480 gnarior
1414 4416 1483 4472 alter,

860 4495 937 4545 Dulce
948 4494 1009 4546 nibil
1020 4495 1097 4562 patria
1110 4496 1182 4561 magis
1195 4505 1268 4562 atque
1279 4496 1421 4563 parentibus
1433 4513 1492 4546 esse.

1049 4599 1106 4662 459.
1126 4614 1187 4656 qum
1205 4614 1313 4646 naxasrr
1330 4614 1460 4660 acernus,

1054 4708 1106 4741 cum
1123 4691 1227 4758 Ulyssem
1239 4693 1263 4740 in
1277 4696 1339 4742 Orco
1351 4693 1447 4758 reperit.

861 4781 901 4831 Nil
915 4798 964 4831 non
978 4782 1097 4848 ingenium
1109 4794 1205 4850 superat
1215 4783 1318 4834 sollertis
1328 4783 1406 4850 Ulyssi
1420 4799 1426 4835 :

861 4865 929 4916 vidia
940 4865 1003 4915 enim
1017 4865 1084 4917 uisus
1095 4869 1155 4918 nulli
1167 4884 1277 4919 concessa
1289 4868 1406 4934 priorum,

862 4949 964 4999 inieram
973 4958 1065 5000 secreta
1074 4952 1174 5012 domus,
1190 4952 1332 5018 umbrasque
1343 4952 1460 5006 dolentes.

862 5033 926 5096 Quid
940 5033 1000 5095 luit,
1014 5043 1041 5084 ut
1053 5039 1166 5102 superum
1179 5051 1283 5086 convexa
1297 5036 1434 5102 relinquere
1444 5036 1529 5100 uellet,

863 5125 912 5166 Arri
925 5133 978 5182 quae
992 5118 1025 5167 sis
1036 5119 1123 5183 adigit,
1133 5120 1152 5169 si
1166 5137 1214 5170 uon
1227 5121 1313 5186 cupit?
1324 5137 1384 5171 nnus
1396 5122 1490 5186 ulysses

863 5205 890 5250 iu
905 5201 975 5251 terris
986 5202 1117 5270 pelagoque
1129 5204 1197 5254 dolos
1210 5205 1338 5254 meditatur
1349 5213 1373 5255 ot
1386 5207 1459 5255 Orco.
