3734 5920
1024 2 1027 13 2
1217 4 1327 58 'tw
1366 8 1457 34 ,,,,

243 433 304 494 354
390 519 391 527 ¹
791 433 1046 498 ANTHOLOGIAE
1070 437 1272 496 PALATINAE

514 575 581 626 398.
605 567 748 625 ΝΙΚΙΟΥ.
1372 575 1426 622 398.
1447 573 1551 621 MCIAE.

244 704 301 777 Τὴν
315 707 431 789 κεφαλὴν
448 706 555 784 βάπτων
567 730 605 772 τις
618 705 737 764 ἀπώλεσε
749 705 795 772 τίει
809 704 900 786 τρίχας
916 705 1008 778 αὖτίς,
1069 723 1149 784 caput
1161 720 1256 784 tingere
1267 717 1389 782 quispiam
1400 717 1508 782 perdidit
1519 717 1619 781 capittoa
1631 718 1706 782 ipsos,

285 794 330 852 καὶ
342 793 421 860 δασὺς
433 791 469 852 ὢν
482 793 552 872 λίαν,
566 792 617 874 ᾠὸν
628 792 698 859 ἄπας
708 793 822 870 γέγονεν.
1100 811 1126 859 ει
1135 804 1499 866 ticet-tuisaettairautusvatde,
1512 807 1585 854 ινωι
1600 819 1672 856 arana
1682 811 1805 862 ιοωεειεεν

244 881 331 941 Τοῦτο
346 879 443 959 βαρεθς
452 881 565 957 ἐπόησε,
580 881 609 940 τὸ
620 879 714 956 μηκέτι
728 879 823 959 κουρέα
835 879 939 956 τέμνειν
1070 898 1123 946 itoc
1136 895 1226 945 tinctor
1237 893 1302 953 iecit,
1316 897 1346 944 ut
1354 893 1467 955 Jammon
1481 895 1566 942 tonsor
1579 893 1681 944 caederet

287 967 355 1044 μήτε
369 968 452 1044 κόμην
466 966 561 1038 λευκὴν
577 966 644 1042 μήτε
659 967 857 1042 μελαινομένην.
1101 995 1181 1045 neque
1192 994 1288 1030 comam
1300 994 1402 1042 camara,
1416 993 1496 1044 neque
1505 979 1687 1043 nigrescentem.

440 1137 508 1187 aco.
532 1127 832 1186 ΑΠΟΛΛΙΝΑΡΙΟΥ.
1277 1187 1279 1192 .
1329 1141 1382 1188 aaa.
1400 1139 1610 1186 aroamtaan.

247 1265 433 1342 Γραμματικός
448 1267 506 1324 ποτ’
518 1265 570 1344 ὄνῳ
584 1263 759 1344 ἐποχούμενος
770 1255 942 1337 ’ἐξεκυλίσθη
1073 1277 1252 1328 Grammaticus
1263 1275 1387 1339 quondam
1399 1276 1468 1326 asino
1477 1279 1564 1326 rectus
1579 1277 1755 1338 precaturiam
1849 1297 1850 1304 ¹

285 1353 331 1414 καλ
345 1359 390 1425 τῆς
404 1358 604 1434 γραμματικῆς,
620 1357 655 1421 ὡς
669 1353 761 1430 λόγος,
777 1353 906 1420 ἐξέπεσεν·
1104 1368 1130 1415 et
1141 1364 1314 1428 grammatica,
1325 1366 1355 1413 ut
1368 1363 1467 1425 dicitur,
1479 1363 1583 1422 excidit,

246 1431 293 1500 εἷθ’
306 1441 364 1512 ἑξῆς
376 1443 445 1502 Edico
460 1441 543 1502 κοινόν
562 1441 633 1519 βίον,
645 1444 680 1508 ὡς
695 1442 815 1512 ἰδιώτης,
1074 1450 1201 1502 (λείπνίεῖῑ
1213 1463 1369 1500 communem
1381 1451 1474 1510 vitam,
1484 1453 1513 1500 ut
1526 1450 1667 1510 illiteratus,

286 1519 323 1588 ὧν
335 1531 469 1589 ἐδίδασκεν
482 1528 524 1587 ἀεῖ
538 1527 620 1605 μηδὲν
636 1529 816 1604 ἐπιστάμενος.
1105 1553 1262 1601 eorum-quae
1278 1539 1383 1590 docebat
1396 1538 1543 1602 usqueaitait
1553 1543 1647 1588 tenens.

248 1615 327 1676 Ἀλλίι
341 1615 448 1677 Γλιίκων
461 1613 556 1674 ἔπαθεν
574 1615 732 1676 τούναντίον·
747 1615 783 1672 ὢν
800 1613 850 1694 γὰρ
865 1617 970 1695 ἄπειρος
1074 1630 1107 1678 at
1116 1627 1218 1690 Glyconi
1230 1628 1312 1677 evenit
1318 1627 1453 1677 contorium
1469 1641 1565 1690 :quum
1579 1627 1643 1676 enim
1656 1629 1776 1678 aasetrud'a

287 1704 332 1762 καλ
347 1707 434 1774 κοινῆς
447 1700 566 1781 γλώττης
573 1745 581 1774 a
594 1703 643 1780 οὐχ
656 1700 697 1761 ότι
709 1705 913 1781 γραμματικῆς,
1105 1716 1179 1765 etiam
1189 1715 1327 1766 communis
1335 1715 1424 1778 lioguae
1434 1754 1439 1775 ,
1451 1714 1543 1765 nedum
1555 1715 1713 1778 grammatica
1722 1719 1801 1780 peritae

248 1795 292 1850 νῦν
306 1789 435 1857 λιόυκοθς
454 1789 587 1856 κοίνθωνας
601 1791 757 1868 ὀχούμενοι,
772 1779 820 1848 εἶτ’
834 1790 990 1849 όποπίπτων
1074 1819 1140 1855 auno
1153 1804 1287 1867 imLihycis
1302 1803 1377 1855 acinis
1390 1805 1499 1864 totiens,
1513 1802 1569 1852 dein
1585 1802 1694 1853 excidetis

288 1877 430 1950 πολλάκις,
447 1877 567 1957 ἐξαίφνης
576 1877 761 1956 γραμματικὸς
775 1878 890 1957 γέγονεν.
1107 1907 1188 1958 ampo,
1197 1897 1298 1958 repente
1315 1893 1491 1958 grammaticus
1505 1894 1593 1942 erasit.

482 2052 550 2100 eoo.
573 2041 807 2100 ΛΟΥΚΙΑΝΟΥ.
1364 2041 1419 2087 ιω.
1436 2039 1574 2086 euctaei.

249 2177 355 2253 Ἰλοιθι,
371 2179 550 2258 Γραμματικὴ
566 2181 689 2260 ρυσίζοε,
703 2179 776 2237 ἵλαθι
789 2182 866 2254 λιμοῦ
1077 2178 1243 2241 propitiaris,
1254 2178 1420 2228 Grammatico
1429 2177 1746 2242 vitra-necessaria-gigaaa,
1758 2179 1814 2241 ριορῖ-
1848 2167 1850 2230 ί

291 2268 428 2348 ρόρμακον
442 2266 569 2346 εὑρομένη
587 2296 600 2321 a
618 2270 703 2337 Μῆνιν
720 2267 790 2324 ἄειδε
807 2266 854 2325 θεοί
865 2294 892 2330 ν.
1107 2265 1243 2316 remedium
1254 2265 1436 2330 quae-reperisti
1447 2286 1460 2309 ε
1469 2267 1535 2315 Iram
1547 2279 1608 2315 cane
1619 2264 1692 2315 dea».
1710 2265 1759 2329 [tia,
1768 2265 1817 2314 iamir

252 2356 325 2429 Νηθν
335 2359 414 2434 ἐχρῆν
430 2355 474 2414 καί
487 2357 527 2414 σοὶ
538 2356 699 2435 περικαλλέα
714 2353 907 2431 demiraretur,
1078 2353 1165 2404 AEdem
1176 2355 1305 2418 oportebat
1319 2354 1394 2404 etiam
1404 2353 1448 2403 tibi
1462 2353 1654 2416 pulcherrimam
1668 2353 1743 2407 condi,

291 2445 336 2502 καί
349 2442 438 2523 βωμὸν
453 2443 533 2502 θυέων
549 2443 586 2518 μή
602 2465 665 2502 ποτε
678 2442 823 2518 δευόμενον.
1109 2445 1135 2492 et
1147 2455 1214 2491 aram
1225 2441 1351 2491 sacrificiis
1363 2454 1487 2504 nunquam
1500 2444 1622 2504 egentem.

255 2533 308 2594 Καὶ
319 2532 371 2612 γὰρ
385 2536 433 2590 ocii
446 2531 542 2608 μεσταί
554 2531 601 2607 μέν
613 2532 683 2606 ὁδοί,
699 2532 782 2608 μεστὴ
796 2531 823 2589 δὲ
837 2530 958 2590 θάλασσα
1078 2529 1175 2581 Etenim
1184 2533 1209 2579 te
1219 2530 1296 2592 plenae
1305 2527 1407 2592 quidem
1415 2527 1477 2590 rim,
1488 2529 1638 2590 plenumque
1648 2541 1723 2583 mare.

293 2622 338 2680 καλ
352 2619 470 2700 λιμένες,
481 2621 587 2678 πάντων
600 2619 706 2700 δέκτρια
724 2618 916 2701 Γρκμματική.
1110 2621 1135 2668 εἴ
1145 2620 1239 2681 torius,
1249 2617 1358 2666 Omnium
1372 2615 1499 2679 exceptrix
1509 2615 1681 2666 Grammatico

500 2781 563 2832 aot.
581 2783 640 2829 Tot
662 2783 764 2828 tarot.
1366 2771 1420 2816 νυν.
1443 2778 1596 2820 masuam.

254 2903 346 2985 Ἰητῆρ
361 2929 398 2972 τις
410 2908 468 2981 ἐμοὶ
479 2904 523 2964 τόν
539 2907 580 2964 ἐὸν
591 2905 666 2986 ρίλον
681 2908 736 2964 υἱὸν
752 2905 880 2985 ἔπεμψεν,
1079 2911 1188 2963 Modicus
1201 2913 1301 2976 quidam
1310 2913 1371 2965 mihi
1382 2927 1456 2964 suum
1469 2926 1555 2964 aarum
1568 2914 1649 2964 tilium
1660 2914 1733 2972 misit,

293 2992 361 3053 ὥστε
373 2999 463 3071 μαθεῖν
474 2995 537 3072 παρ’
547 2994 605 3068 ἐμοὶ
624 2999 709 3051 ταῦτα
724 2990 756 3051 τθι
771 2995 953 3071 γραμματικά.
1110 3004 1139 3051 ut
1147 3001 1253 3052 disceret
1263 3001 1330 3064 apud
1342 3016 1383 3052 me
1393 3001 1439 3052 has
1452 3002 1682 3066 grammaticae-res.

254 3080 304 3147 ‘stt
318 3079 345 3139 δέ
354 3081 385 3139 τί)
399 3109 410 3134 ε
425 3085 510 3154 Μῆνιν
525 3080 619 3139 ἄειδεν
634 3081 679 3140 καὶ
695 3107 706 3132 a
723 3079 805 3156 ἄλγεα
819 3079 889 3158 μυρί’
900 3081 989 3152 ἔθηκεν
1010 3113 1020 3134 ν
1078 3087 1123 3136 t'ot
1135 3091 1216 3135 autern
1230 3105 1241 3128 ι
1257 3088 1321 3134 iram
1331 3098 1391 3134 cane
1403 3105 1414 3127 ν
1427 3089 1452 3133 et
1463 3105 1475 3127 a
1486 3082 1584 3133 dotores
1594 3083 1700 3131 infinitos
1710 3080 1813 3142 immerita

296 3167 379 3244 ἔγνω,
395 3169 481 3228 καὶτὸ
495 3167 582 3247 τρίτον
594 3169 674 3226 τοῖσδ’
691 3169 831 3227 ἀκόλουθον
841 3167 902 3234 ἔπος
1107 3174 1190 3236 norit,
1204 3177 1229 3225 ct
1243 3174 1346 3225 tertium
1359 3173 1413 3223 hmo
1427 3173 1620 3235 subsequentem
1635 3185 1725 3220 veroum

215 3287 230 3330 ι
256 3283 268 3307 ε
283 3254 381 3321 πολλὰς
393 3257 415 3314 δ’
430 3255 551 3338 ίρθίμους
560 3252 727 3336 tiu-,tritta
733 3253 892 3335 προΐαψεν»,
1078 3282 1090 3304 ιι
1108 3264 1200 3313 inuitas
1210 3276 1269 3312 rero
1280 3275 1412 3326 generosas
1422 3262 1516 3311 animas
1525 3264 1590 3310 Orco
1604 3255 1805 3320 ante-ompositi*

295 3343 383 3401 οὐκέτι
397 3367 441 3419 μιν
454 3343 555 3419 πέμπει
566 3343 630 3420 πρός
644 3365 677 3420 με
687 3342 881 3421 μαθησόμενον.
898 3340 927 3423 [ε
939 3346 1035 3422 ἑταῖρε·
1109 3367 1156 3402 non
1168 3352 1219 3414 jam
1234 3365 1291 3402 eum
1302 3350 1381 3401 mittit
1394 3350 1454 3400 mitri
1467 3349 1624 3400 eradicaret.
1761 3345 1806 3407 [st-

257 3431 336 3490 Ἀλλά
351 3430 378 3506 μ’
403 3429 463 3489 ἰδὼν
488 3434 502 3488 ὁ
524 3429 630 3508 πατὴρ,
649 3457 661 3480 ι
677 3430 724 3490 Σοί
740 3431 787 3504 μίν
808 3429 919 3510 χοίριςν,
947 3421 1034 3504 εἶπεν,
1077 3441 1125 3491 Sed
1138 3455 1179 3490 me
1191 3441 1348 3504 conspicatus
1361 3443 1440 3503 pater,
1456 3458 1467 3481 a
1483 3438 1537 3488 Tibi
1551 3436 1651 3500 quidem
1662 3438 1710 3486 siet
1727 3437 1792 3497 grato.

298 3545 310 3568 a
323 3516 406 3595 αὐτὰρ
418 3520 432 3574 d
446 3517 507 3583 παῖς
523 3519 583 3595 παρ’
600 3515 658 3591 ἐμοὶ
674 3521 757 3573 ταῦτα
774 3521 864 3592 μαθεῖν
877 3517 993 3575 δύναται·
1111 3523 1137 3572 at
1147 3535 1208 3585 puer
1221 3521 1287 3585 opud
1298 3535 1339 3572 mc
1352 3521 1406 3572 haee
1418 3521 1512 3572 discere
1522 3522 1620 3584 potest.
1669 3518 1746 3582 [terit.
1754 3516 1815 3564 maie.

257 3631 270 3655 a
285 3603 330 3662 καί
341 3601 392 3682 γὰρ
404 3601 456 3682 ἐγὼ
470 3602 570 3670 πολλθις
581 3603 668 3683 ψυχὰς
679 3601 746 3662 Ἄϊδι
762 3603 915 3682 προῖοίπτω,
1081 3609 1172 3659 etenim
1184 3622 1230 3673 ego
1238 3609 1329 3659 multae
1339 3609 1433 3659 animas
1447 3612 1513 3658 Orco
1522 3604 1785 3670 ante-tempus-demiito.

208 3715 232 3755 to
297 3717 310 3742 ιι
323 3691 369 3748 καί
383 3691 447 3769 πρὸς
462 3693 531 3749 τοῦτ’
545 3691 618 3748 οὐδὲν
628 3695 813 3768 γραμματικοῦ
825 3689 950 3765 δέομαι.»
1106 3695 1177 3745 etad
1193 3695 1220 3744 id
1231 3695 1331 3746 minime
1340 3697 1502 3759 grammatico
1512 3709 1581 3758 egeo.
1598 3715 1609 3736 ν

575 3877 632 3939 398.
654 3891 739 3925 araim.
1121 3884 1184 3928 Iram
1198 3881 1260 3930 Dira
1273 3880 1346 3943 reier,
1359 3897 1414 3930 nam
1432 3880 1549 3930 medicina
1561 3891 1601 3929 tua
1613 3889 1656 3929 eat.

1087 3965 1118 4011 Et
1130 3961 1175 4011 tibi
1186 3962 1321 4012 debuerant
1335 3963 1393 4030 poni
1406 3961 1519 4028 fulgentia
1533 3961 1638 4026 tempta,

1119 4049 1217 4110 Actaque
1229 4056 1344 4113 perpetuo
1361 4047 1421 4096 turis
1433 4045 1526 4096 horrore
1535 4045 1624 4099 calens.
1661 4033 1666 4046 ’

1088 4127 1150 4176 Nam
1164 4126 1298 4194 saraptana
1313 4129 1362 4186 tui,
1379 4129 1456 4194 plena
1467 4126 1632 4192 suetaequoris
1648 4125 1710 4174 uada

1120 4209 1150 4255 Et
1163 4217 1258 4272 portus,
1272 4210 1345 4259 altrix
1359 4209 1451 4276 optima
1462 4209 1634 4258 Grammatico.

259 3993 369 4059 Tingenti
381 3992 483 4042 mimium
495 3992 575 4042 cuncti
592 3992 687 4058 periere
703 3992 792 4059 capitii.

291 4076 405 4126 Glabrior
417 4083 453 4124 est
464 4088 527 4138 ovo,
543 4073 585 4140 qui
601 4073 667 4140 priua
685 4072 763 4123 hirtus
775 4084 835 4124 erat.

259 4161 298 4211 Sic
316 4175 390 4227 opera
407 4157 517 4210 tinctoris
528 4158 576 4221 agit
587 4157 661 4206 miser
672 4157 721 4206 otia
734 4167 823 4216 tonsor,

293 4242 337 4292 Cui
350 4256 418 4292 come
430 4255 475 4289 nee
487 4240 581 4304 nigrans
592 4240 641 4288 ulte
655 4255 700 4288 nec
716 4239 770 4288 alba
782 4239 853 4288 cadit.

532 4360 589 4421 399.
609 4372 774 4404 eroaareaarr.
1371 4368 1429 4416 toa.
1454 4375 1574 4407 uusoeaa.

260 4464 434 4515 Grammaticus
449 4465 517 4514 tardo
530 4464 579 4524 (sie
592 4463 655 4512 tama
669 4465 718 4526 est)
731 4472 812 4512 vectus
822 4464 897 4513 asello

294 4547 402 4609 Excidit,
415 4557 487 4610 atque
499 4547 549 4610 ejus
562 4554 660 4611 pectore
672 4546 844 4595 Grammatico.

183 4681 186 4688 ,
261 4633 295 4678 Ex
309 4629 365 4688 itta,
379 4644 535 4693 quecumque
546 4627 600 4676 aliis
611 4626 743 4675 dictaverat
754 4635 824 4682 erite,

296 4708 395 4772 Nesciit,
404 4719 428 4759 et
443 4709 505 4773 vulgi
520 4724 576 4775 para
585 4708 650 4757 rudis
664 4708 715 4772 ipse
725 4706 781 4759 tuit.

263 4795 386 4843 Direream
397 4802 488 4841 cortem
501 4792 574 4841 sensit
586 4791 672 4857 Glyco.
687 4793 747 4840 Cum
759 4791 822 4840 toret
834 4807 920 4856 expers

296 4874 433 4926 Communia
446 4873 542 4939 tingere,
558 4889 606 4922 noa
616 4873 686 4922 modo
697 4871 878 4933 Grammaticoe,

263 4963 353 5007 vectus
364 4966 389 5006 et
401 4957 523 5005 interdum
536 4954 630 5022 Libycis
643 4955 752 5020 delapsus
765 4953 844 5002 aretiis

297 5037 375 5088 Evasit
389 5038 481 5100 sabito,
494 5037 602 5100 cernite,
615 5035 800 5086 Grammaticus.

1088 4483 1164 4533 Natus
1176 4494 1228 4535 erat
1237 4487 1329 4537 medico
1343 4503 1426 4548 carus,
1441 4487 1483 4553 qui
1495 4484 1600 4535 mittitur
1613 4483 1642 4533 ad
1657 4499 1707 4544 me,
1734 4479 1737 4484 ’

1120 4573 1208 4620 Totum
1220 4571 1387 4620 Grammatico
1398 4569 1473 4618 discat
1487 4578 1514 4618 ut
1523 4567 1581 4616 artis
1596 4582 1664 4632 opus.

1089 4662 1156 4706 Iram
1167 4657 1239 4704 Musa
1248 4653 1329 4719 refer,
1340 4653 1390 4717 jam
1402 4661 1513 4712 noverat,
1526 4659 1598 4714 atque
1610 4647 1705 4697 Dolores

1122 4737 1188 4788 mtto
1197 4731 1274 4795 dedit,
1291 4734 1331 4783 aed
1341 4741 1366 4782 et
1378 4732 1424 4782 hoe
1437 4733 1501 4799 quod
1513 4730 1576 4781 aoiet
1586 4730 1643 4780 inde
1655 4726 1727 4792 sequi,

1090 4823 1224 4890 Mariumque
1237 4819 1337 4869 illustres
1347 4820 1440 4867 animas
1449 4816 1542 4866 demisit
1552 4814 1588 4863 ad
1598 4819 1690 4862 Orcum.

1123 4907 1222 4956 Mittere
1233 4905 1376 4970 discipulum
1385 4901 1456 4951 desiit
1467 4901 1509 4950 itta
1520 4897 1597 4962 mihi,

1090 4993 1178 5054 Meque
1190 4987 1272 5036 videas
1283 4986 1387 5049 genitor,
1398 4982 1453 5032 Tibi
1464 4981 1555 5047 gratia,
1568 4979 1645 5039 dixit,
1656 4975 1775 5036 amioc‚eet,

1123 5072 1221 5120 Discere
1234 5069 1276 5118 sed
1288 5069 1317 5116 de
1327 5084 1366 5116 me
1377 5066 1440 5116 fiiiua
1452 5065 1497 5114 ista
1511 5071 1600 5129 potest.

549 5145 607 5193 4⁰⁰·
624 5151 735 5183 mmm·
824 5159 827 5167 “
1093 5157 1177 5208 Moitce
1192 5153 1282 5220 quippe
1294 5152 1379 5201 animare
1392 5165 1435 5216 per
1449 5165 1487 5198 me
1499 5147 1629 5196 mittuntur
1639 5143 1667 5192 ad
1679 5145 1763 5194 Omani

265 5244 425 5294 Grammatica
439 5261 453 5293 ο
466 5244 543 5308 salve,
559 5243 670 5293 donatrix
680 5258 746 5292 muso
757 5241 839 5290 saturis
853 5255 859 5270 ·
1125 5235 1312 5286 Grammaticum
1325 5249 1369 5282 nec
1381 5232 1413 5281 ob
1428 5231 1451 5280 id
1463 5244 1544 5296 quaero
1557 5225 1717 5292 magisterium.
