3860 5920
484 417 523 477 ru
546 417 629 480 err.
654 418 719 480 xvr
742 399 920 497 (Arrnun.
947 423 1129 503 rnruun.)
1151 429 1379 491 Annornrro.

126 545 197 608 qnod
219 545 331 596 Allatius.
348 546 426 598 Miror
443 549 570 599 nendum
591 551 678 601 Lubini
701 553 807 602 versioni
826 555 910 604 adhae-

127 617 191 667 sisse
202 631 208 660 ι
220 617 329 669 dicens:
340 618 358 667 ct
369 631 425 684 qua
435 631 518 684 supra
528 623 758 687 perturbationes,
769 627 820 674 etc.

161 699 263 748 ceteros
277 711 308 748 ex
327 698 416 748 Allatio
426 712 523 758 versus,
538 701 600 752 adeo
618 701 729 765 plerique
743 704 841 754 obscuri
857 707 913 755 sunt

126 774 153 821 et
167 771 268 832 inficeti,
279 772 355 822 trudet
369 772 468 824 atterre.
482 773 568 822 Potius
583 774 634 824 lolii
651 775 725 836 buius
737 788 845 826 vacuum
856 789 910 841 spa-

127 843 191 894 tium
205 845 327 906 complere
343 843 416 894 licent
430 843 535 894 adducta
546 845 626 908 primo
644 847 781 910 aenigmatis
800 847 913 910 sphingis

127 915 259 980 solutione,
275 928 332 978 qum
345 920 411 966 certe
423 915 447 965 in
462 916 528 966 notis
545 917 576 966 ad
598 919 664 976 ltlv,
676 931 714 980 ep.
731 921 760 967 64
773 918 854 968 omitti
865 931 912 967 non

124 987 222 1048 debuit,
240 1001 317 1051 quum
334 1001 388 1038 earn
405 991 431 1038 et
449 988 588 1038 Bruuckius
602 990 672 1040 Anat.
693 993 711 1038 t.
726 991 771 1049 lli,
788 1003 812 1053 p.
828 995 873 1040 ³22
888 992 913 1040 et

124 1060 257 1111 Jacobsius
267 1060 332 1110 Antb
351 1061 404 1110 Pal.
418 1063 437 1109 t.
452 1061 485 1122 il,
500 1074 524 1123 p.
541 1065 585 1110 664
600 1061 727 1112 ediderint.

343 1185 417 1241 Λύσις
429 1189 471 1233 τοῦ
482 1185 629 1246 αἰνίγματος.

160 1257 230 1306 ίίλῦθι
243 1258 283 1306 καί
293 1257 337 1305 οὐκ
349 1259 475 1318 ἐθέλουσα,
486 1257 616 1319 κακάπτερε
630 1259 715 1306 Μοῦσα
725 1259 848 1317 θανόντων,

189 1329 275 1387 οωιὴν,
290 1329 401 1390 ἡμετέρης
416 1330 453 1377 σοὶ
466 1329 530 1382 τέλος
542 1327 685 1390 ἀμπλακίης.

158 1399 289 1462 Ἄνθρωπον
304 1400 437 1460 κατέλεξας,
450 1400 489 1458 ὃς,
501 1399 572 1456 ἡνίκα
588 1404 658 1458 γαῖαν
672 1400 778 1463 ἐφέρπει,

187 1473 279 1530 πρῶτον
290 1469 331 1532 ipa
342 1470 468 1532 τετράπουτ
478 1469 559 1526 νήπιος
571 1468 597 1516 ίκ
607 1469 720 1529 λαγάνων·

156 1542 265 1601 γηραλέος
275 1540 300 1588 δὲ
314 1543 391 1589 πίλων
400 1540 504 1602 τρίτατον
516 1540 578 1588 πόδα
590 1539 691 1604 βάκτρον
703 1539 797 1604 ἐρείδει,

187 1611 274 1676 αὐχένα
284 1611 395 1675 φορτίζονν
401 1649 409 1672 ,
420 1615 490 1676 γήραϊ
506 1610 679 1674 καμπτόμενος.

122 1730 185 1777 Eam
196 1724 297 1780 exhibet
306 1729 386 1779 Schol.
403 1730 487 1792 Eurip.
501 1732 524 1778 in
536 1728 622 1779 Phrnn.
636 1743 660 1778 ν.
676 1735 713 1777 50.
728 1728 764 1778 lbi
776 1727 890 1777 Valclren.
905 1745 910 1773 ι

123 1819 136 1840 ιι
152 1801 315 1852 llexnsticbon
332 1801 421 1863 hocce,
441 1802 508 1864 quod
530 1795 697 1864 grammaticis
720 1799 825 1850 debetur
846 1799 910 1848 anti-

121 1871 188 1930 quis,
202 1869 297 1920 dudum
322 1873 454 1936 antequam
472 1872 528 1922 brec
541 1873 669 1937 prodirent
684 1885 715 1921 ex
729 1873 832 1933 August.
846 1869 908 1919 cod.

118 1938 173 1999 jam
193 1941 316 2004 innotuit,
336 1956 351 1992 a
376 1943 452 1994 Galeo
470 1943 624 2005 publicatum
645 1956 672 1992 er
697 1941 806 2004 AEscnyn
826 1938 909 1990 Schol.

123 2011 189 2062 ined.
210 2012 275 2064 notis
290 2014 316 2064 in
332 2013 444 2078 Apollod.
462 2013 525 2064 Bibl.
547 2027 572 2078 p.
588 2017 628 2065 67,
643 2015 781 2078 legebatur
792 2012 867 2063 etiam
886 2011 912 2060 in

121 2084 200 2134 veteri
221 2085 364 2140 membrana
379 2085 501 2136 leidensi.
521 2089 558 2135 Ex
570 2085 610 2136 his
625 2086 705 2136 tribus
720 2083 799 2134 (iodd.
815 2082 912 2134 nodatis

121 2157 277 2208 emendatius
291 2159 332 2207 bic
354 2156 416 2207 illud
438 2159 566 2221 vulgatur,
587 2170 661 2220 qnam
681 2157 799 2218 scriptum
813 2157 866 2204 erat
887 2153 913 2202 in

121 2234 266 2292 Augustino
279 2229 404 2294 prebente
423 2243 447 2278 ν.
472 2235 481 2278 1
500 2229 598 2280 θάνατον
613 2229 696 2291 (Leid.
715 2227 842 2289 θανάτων),
857 2229 911 2275 tum

121 2308 259 2362 τῆςφωνῆς,
270 2316 294 2352 v.
307 2304 323 2351 4
338 2302 396 2361 ίρη,
410 2315 435 2351 ν’.
449 2306 462 2350 5
477 2300 577 2362 βάκτρον
587 2303 644 2364 ἔχει.
659 2299 762 2362 Βάκτρον
773 2299 854 2360 ἐπάγει
869 2310 910 2346 cn-

122 2369 173 2419 dex
184 2370 292 2422 habebat
306 2371 387 2422 Laid:
405 2384 477 2422 esuo
492 2371 582 2420 Galeus
598 2371 666 2422 dedit
680 2372 782 2434 βάκτρον
792 2369 877 2430 ἐρείδει.
897 2388 909 2411 ν

121 2441 223 2491 Profert
239 2453 338 2505 quoque
349 2455 404 2492 eam
421 2446 601 2506 Argumentum
620 2443 701 2505 ciusd.
719 2442 834 2492 tabulaee
854 2439 909 2490 cod.

121 2510 335 2576 Guelpberbytano
344 2514 407 2578 allud
421 2512 591 2575 biattbimum(
600 2512 683 2576 Enrip.
700 2515 718 2562 t.
731 2515 751 2572 Ι,
767 2525 792 2575 p.
804 2511 873 2571 273);
885 2509 911 2557 in

121 2583 246 2646 plerisque
258 2589 341 2634 autem
354 2584 501 2635 editionibus
509 2584 593 2647 OEdipi
606 2585 663 2645 Tyr.
680 2583 784 2645 repetita
796 2585 836 2632 est
853 2593 910 2629 cnm

122 2654 237 2718 Sphingis
264 2657 404 2720 [enigmate.
430 2683 462 2693 -
491 2659 511 2704 l.
533 2656 670 2716 Κακόπτερε
691 2659 780 2705 Μοῦσα
793 2654 910 2703 θανόντων

121 2727 225 2776 ductum
242 2742 272 2777 ex
285 2728 368 2790 Eurip.
380 2726 465 2776 l’lroen.
478 2740 502 2776 v.
518 2731 577 2778 1019
588 2739 642 2789 sqq.
655 2726 699 2776 ubi
712 2726 804 2775 chorus
818 2723 908 2787 spirin-

121 2799 160 2862 gis
173 2799 238 2849 luem
246 2800 369 2862 pathetice
375 2800 508 2851 describit:
525 2798 663 2861 κοκάπτερε,
676 2802 705 2849 ut
718 2796 778 2848 ibid.
793 2802 908 2859 πτεροῦσ-

122 2891 155 2921 σοι
162 2875 280 2936 παρθένος,
291 2877 316 2922 et
334 2873 409 2936 Soph.
422 2872 480 2921 (Ed.
489 2874 519 2920 T.
534 2885 558 2920 v.
573 2876 617 2921 509
633 2872 765 2933 πτερόεσσα
776 2869 843 2933 κάρα,
853 2867 908 2917 coll.

120 2945 271 3004 Atcsomcde
283 2947 348 3004 XIV,
360 2958 398 3007 ep.
410 2949 449 3004 63,
460 2949 489 3002 3;
506 2942 617 3007 Apollod.
629 2945 673 3002 111,
688 2948 713 3003 5,
724 2947 751 2999 83
762 2945 855 2991 Auson.
870 2939 907 2988 ld.

122 3018 216 3077 likin,
226 3019 252 3066 et
261 3016 409 3066 Valckenin
421 3015 508 3066 Plroen.
518 3028 541 3079 p.
556 3020 616 3074 3723
630 3017 723 3073 Μοῦσα,
732 3026 788 3076 quae
795 3011 909 3074 Sophocli

122 3090 217 3151 ἀοιδὸς,
240 3089 362 3152 ῥαψῳδὸς,
383 3090 523 3152 χρησμῳδὸς
545 3087 630 3138 endem
648 3085 748 3145 dicitur,
773 3088 798 3134 ei
817 3085 907 3142 ἐλθεῖν,

121 3164 207 3211 πένθεα
220 3161 304 3224 γαίας,
324 3159 509 3220 ἀμουσοτάταισι
531 3161 574 3208 σὺν
599 3160 687 3223 ᾠδαῖς,
712 3156 794 3220 Eurip.
820 3158 906 3206 thn.

120 3247 147 3281 v.
161 3238 215 3282 806,
232 3260 259 3270 -
273 3239 287 3281 2
300 3237 375 3292 quui:
395 3233 506 3292 ἡμετέρης
521 3231 564 3280 obv
577 3231 642 3285 τέλος
654 3229 727 3289 ἀμπλ.
744 3226 817 3289 vulgo
834 3241 908 3290 :qum

121 3321 135 3345 ε
147 3301 233 3352 durior
244 3303 322 3352 oratio
337 3321 349 3344 ν
362 3301 477 3350 iacobsio
491 3300 597 3360 videtur,
618 3301 662 3361 qui
679 3298 817 3363 genitivum
832 3305 908 3362 φωνῆς

119 3377 162 3434 nu.
177 3387 250 3424 uena
263 3375 337 3431 κλῦθι,
346 3371 388 3420 sed
401 3371 597 3434 aprmpositione
608 3369 786 3429 subaudienda,
802 3370 908 3432 pendere

120 3446 225 3508 statuit;
245 3450 322 3504 σωνῆς
345 3445 466 3505 ἡμετέρης·
481 3444 519 3492 σοί
536 3445 602 3499 τέλος
623 3443 694 3502 ἀμπλ.
719 3445 817 3494 Barnes.
835 3443 907 3505 (ver-

121 3519 177 3565 tens
190 3534 196 3564 :
211 3515 291 3566 Verba
305 3527 376 3574 rnen,
391 3517 471 3564 esitio
481 3514 562 3564 cerba
576 3511 671 3576 sutura
684 3515 756 3574 tibi),
767 3529 816 3563 non
826 3515 908 3564 minus

120 3587 191 3637 clare.
203 3589 325 3638 Neutrum
340 3586 440 3650 expedit
453 3587 520 3650 :iarn
529 3588 559 3635 ut
573 3585 678 3649 scripsi,
692 3587 769 3647 φωνὴν
782 3585 907 3649 poeticum

119 3661 159 3709 esi
171 3672 215 3721 pro
225 3660 299 3718 λύσιν,
312 3658 481 3717 otiosioris:
504 3670 550 3706 non
569 3658 685 3721 peccati,
702 3656 746 3705 sed
761 3659 872 3715 erroris,
888 3656 905 3705 i.

119 3746 143 3780 e.
159 3728 327 3788 dubitationis,
338 3729 377 3778 rel
392 3729 465 3778 etiam
480 3728 642 3788 detrimenti,
653 3727 838 3791 intelligendum
855 3743 861 3775 τ
876 3728 907 3779 de

118 3815 170 3864 qua
193 3800 369 3863 significatione
385 3799 442 3848 ride
463 3800 547 3862 siepb.
562 3800 636 3850 Thes.
658 3813 679 3848 s.
695 3813 723 3849 ν.
738 3829 770 3846 -μ
786 3805 800 3848 3
819 3801 905 3863 ἐφέρπῃ

120 3875 202 3933 narn.;
216 3872 250 3936 ἐρ’
264 3873 326 3936 έρπει
338 3869 423 3920 valer.
434 3867 543 3929 divisim,
556 3871 586 3918 ui
603 3870 675 3917 Hom.
690 3869 717 3918 n.
733 3870 759 3927 Ρ,
772 3873 827 3926 ίίί,
845 3869 907 3918 ὅσσα

119 3961 145 3992 τε
164 3949 233 4004 γαῖαν
249 3943 288 3993 inc
303 3941 376 3991 πνείει
387 3957 412 3990 τε
432 3943 471 3989 καὶ
494 3941 565 4004 ἕρπει.
584 3946 642 3989 —b
658 3939 741 3999 ἐπάγει
758 3938 831 3988 lectio
852 3939 905 3988 cod.

118 4017 191 4068 ieid.
210 4019 326 4082 cnmupta
342 4029 372 4066 ex
388 4015 492 4081 genuina
513 4014 610 4076 ἐπείγει.
629 4015 662 4062 Ut
683 4026 740 4072 nos,
754 4013 858 4062 Brunclr.
882 4016 907 4062 et

119 4089 208 4140 blatth.
222 4109 233 4133 ν
245 4089 493 4153 comparandnscnm
503 4084 611 4137 totahac
618 4085 684 4133 λύσει
694 4082 904 4146 Apollodoruslll,

121 4165 143 4220 5,
156 4165 171 4210 8
185 4175 191 4204 τ
206 4163 316 4216 Οἰδίπους
324 4162 349 4210 δὲ
361 4162 464 4216 ἀνιούσας
477 4160 568 4217 ίλυσεν,
580 4158 655 4206 είπὼν
666 4157 693 4206 τὸ
706 4156 802 4216 αίνιγμα
820 4155 847 4202 rb
860 4156 906 4202 ὑπὸ

120 4238 160 4290 τῆς
181 4235 281 4295 Σφιγγὸς
303 4232 434 4293 λεγόμενον,
448 4233 570 4293 άνθρωπον
585 4229 653 4279 εἶναι·
668 4227 793 4289 γεννᾶσθαι
809 4226 855 4288 γάρ
866 4241 906 4274 τε·

119 4305 221 4368 τράπουν
234 4307 314 4365 βρέφος
326 4308 373 4358 τοῖς
386 4306 506 4365 τέτταρσιν
519 4301 647 4366 ὀχούμενον
664 4301 757 4356 κώλοις·
772 4299 905 4358 τελειούμε-

119 4394 160 4425 νον
176 4377 201 4425 δὲ
213 4378 254 4426 τὸν
269 4376 400 4438 ἄνθρωπον
414 4375 504 4424 δίπουν·
519 4379 627 4436 γηρῶντα
643 4374 667 4421 ii
684 4373 761 4434 τρίτην
782 4373 903 4434 προσλαμ-

121 4449 199 4498 serso
217 4449 287 4510 βάσιν
301 4449 328 4497 τὸ
346 4447 455 4510 βάκτρον.
472 4466 484 4489 ν
498 4449 556 4496 Jac.

152 4561 259 4613 Accedat
275 4575 305 4611 ex
318 4561 425 4610 editione
438 4560 625 4610 Pboenissarurn
643 4556 833 4608 Valckenarinna
846 4557 896 4604 Gro

122 4635 149 4685 tii
164 4634 245 4684 versio
257 4637 312 4682 tum
327 4634 433 4683 oraculi
445 4633 509 4680 Laio
518 4631 576 4682 cinti
589 4632 668 4694 (xlv,
684 4644 708 4680 n.
722 4631 784 4692 bil:

175 4752 257 4805 optas,
267 4746 405 4798 Labdacide,
420 4750 528 4791 natorum
542 4747 612 4800 stirpe
625 4745 705 4788 beari:

176 4815 257 4857 Natum
272 4821 354 4865 nempe
366 4809 440 4859 nabo.
454 4809 495 4854 sed
504 4812 552 4853 nati
562 4808 697 4854 occumbere
707 4807 785 4851 dextra

174 4878 214 4919 Est
222 4873 288 4919 latnie
298 4872 347 4918 ubl.
361 4873 421 4917 iovis
432 4872 476 4916 lroc
488 4872 571 4917 invicta
581 4871 685 4914 voluntas

174 4935 387 4991 concrememur,
398 4945 465 4990 quern
476 4935 535 4989 rapti
546 4935 629 4986 injuria
640 4931 687 4975 nati

175 5000 268 5056 impulit
282 4998 322 5044 bas
333 4999 388 5044 diris
398 5009 411 5042 a
423 5000 445 5042 te
454 4996 579 5054 deposcere
590 5006 675 5051 poenas

117 5101 174 5146 ium
184 5097 344 5159 AEniqrnutis
353 5095 476 5158 Spbinqis
492 5095 574 5154 (xlv,
586 5107 610 5141 n.
622 5093 666 5154 ni)
678 5105 683 5134 ι

174 5205 252 5249 Unum
263 5215 346 5250 nomen
356 5203 440 5248 liabens
452 5201 625 5259 quadrupesque
634 5202 744 5258 bipesque
753 5200 869 5256 tripesque

174 5270 283 5314 naturum
293 5267 379 5324 pariter
388 5268 477 5312 mutato
486 5271 589 5323 tempore
597 5267 679 5320 mutat,

1668 436 1740 500 mn

1011 561 1044 601 De
1053 558 1121 602 uraris
1129 563 1153 604 et
1166 564 1233 606 terra
1242 561 1338 618 eoeiique
1346 561 1503 608 animantibus
1512 575 1585 608 unum
1597 578 1602 606 ι
1699 567 1703 576 “

1011 620 1130 677 llirarique
1142 621 1202 677 licet,
1215 623 1309 679 pedibus
1321 637 1375 670 curn
1389 627 1492 682 pluribus
1505 627 1579 676 instat,

1010 683 1065 724 Turn
1076 682 1146 736 magis
1160 687 1228 739 atque
1240 687 1310 740 magis
1319 687 1434 732 celerandi
1443 689 1548 733 amittere
1556 690 1621 734 vires.

958 806 1101 857 solutionis
1110 821 1169 858 vero
1182 807 1245 858 hauc
1262 811 1458 875 qualemcunque
1473 813 1609 862 versionem
1625 813 1663 875 iis,
1678 827 1739 876 qus-2

957 877 1112 929 concinnavit
1128 880 1292 944 interpretum
1310 881 1465 933 felicissimus
1480 887 1525 946 (ut
1543 883 1662 934 Valclen.
1680 887 1737 948 ait),

958 947 1078 1009 subjicere
1091 951 1192 1002 audenti
1203 952 1282 1002 boum
1293 956 1382 1003 Lector
1392 954 1502 1015 ignoscat
1518 976 1523 1005 :

1010 1079 1077 1132 Audi,
1088 1082 1158 1125 invita
1168 1081 1228 1135 licet,
1238 1087 1302 1129 rates
1314 1085 1378 1129 necis
1388 1085 1488 1135 horrida,
1498 1097 1589 1140 rocem.

1039 1146 1089 1188 iarn
1100 1145 1139 1188 tibi
1148 1157 1198 1201 qure
1207 1145 1305 1191 dubium
1317 1148 1384 1193 liniat
1392 1153 1444 1205 apia
1455 1161 1539 1194 rrreurn.

1011 1207 1091 1252 Dictus
1100 1208 1169 1254 bomo
1180 1214 1216 1253 est
1227 1223 1233 1253 ι
1246 1210 1346 1268 primurn
1361 1211 1399 1268 qui
1412 1215 1514 1257 materna
1524 1213 1599 1258 editus
1611 1215 1674 1269 alvo,

1040 1272 1068 1312 nt
1078 1269 1215 1328 quadrupes,
1229 1271 1306 1316 intans
1314 1277 1391 1330 reptat
1400 1273 1501 1318 inermus
1510 1277 1585 1325 nunri:

1011 1333 1068 1374 Turn
1080 1332 1165 1382 senior.
1182 1334 1255 1390 eapite
1265 1335 1362 1392 obstipo.
1373 1333 1513 1392 genibusque
1523 1340 1619 1394 gravatis

1038 1394 1125 1448 Nitens,
1135 1405 1188 1438 cum
1198 1397 1278 1441 baculo
1287 1397 1379 1452 cogitur
1388 1399 1421 1442 ire
1432 1400 1512 1455 tripes.

989 1517 1084 1567 Addam
1097 1520 1225 1582 nonnulla,
1239 1525 1357 1586 tanquam
1367 1525 1565 1589 supplementum
1578 1529 1740 1581 annotationis

957 1587 982 1636 in
991 1589 1105 1651 quendam
1118 1591 1193 1656 hujus
1207 1593 1341 1644 voluminis
1354 1595 1537 1660 epigrammata.

987 1728 1083 1781 CAP.
1103 1732 1164 1781 ΙΧ.
1182 1759 1213 1769 -
1235 1735 1323 1785 xxiv.
1342 1763 1374 1773 —
1390 1737 1517 1787 Lucretius
1530 1739 1588 1790 item
1603 1742 1655 1802 lll,
1672 1745 1740 1803 1656,

957 1797 988 1849 de
1004 1802 1127 1864 Epicuro:

1010 1940 1053 1992 Qui
1064 1951 1135 1994 geum
1144 1942 1268 1988 humanum
1283 1944 1374 2000 ingenio
1383 1947 1505 1999 superavit,
1520 1949 1542 1991 ei
1556 1958 1635 1992 omncs

1011 2004 1131 2058 destinuit,
1141 2006 1216 2050 stellas
1227 2011 1318 2051 exortus
1329 2007 1362 2050 un
1371 2007 1477 2052 aetlrertns
1487 2009 1528 2052 sol.

956 2119 1089 2170 Scnderius
1098 2121 1125 2170 P.
1142 2122 1248 2173 cornelii
1260 2123 1366 2174 Viduam
1380 2124 1520 2174 collaudans
1536 2139 1541 2166 ι

1010 2243 1040 2286 Le
1049 2242 1113 2286 soleii
1122 2246 1155 2288 esi
1165 2243 1214 2288 lcvt
1226 2256 1232 2289 ι
1242 2246 1399 2298 retinen-vous,
1410 2246 1500 2290 iioilest

957 2361 1012 2415 Quo
1020 2372 1092 2409 versu
1100 2360 1253 2412 meliusCido
1262 2361 1297 2411 illi
1306 2362 1490 2413 succlamasset.
1498 2365 1539 2417 er.
1548 2367 1606 2422 xli,
1616 2367 1646 2412 59
1653 2366 1677 2412 ct
1690 2367 1741 2412 lib.

986 2528 1017 2536 -
1026 2504 1110 2551 νον,
1121 2503 1309 2552 -ννινενιινινν
1319 2517 1366 2552 non
1373 2507 1411 2554 sat
1424 2504 1527 2568 ειεεννιι
1539 2475 1623 2567 garno
1634 2505 1742 2558 rursm

955 2575 1144 2636 Longopetraeus
1155 2572 1187 2622 ud
1198 2577 1285 2623 Anacr.
1302 2587 1325 2636 p.
1342 2579 1394 2626 127.
1403 2575 1484 2624 Multo
1498 2575 1603 2639 lepidius
1616 2575 1741 2630 distchon

955 2642 1065 2703 latinum,
1080 2657 1112 2692 ex
1121 2647 1225 2707 utraque
1240 2645 1385 2710 Anthologia
1397 2647 1544 2704 condatum,
1559 2647 1625 2708 quod
1640 2661 1680 2712 ap.
1694 2653 1741 2699 Sa-

955 2714 1021 2776 gium
1034 2714 1091 2778 (lib.
1105 2717 1137 2764 nr
1151 2715 1209 2780 tin.)
1223 2717 1381 2777 Gli-blasius,
1392 2717 1417 2766 in
1427 2731 1551 2769 secessum
1558 2718 1739 2783 philosophum,

955 2785 1043 2845 ninii,
1060 2789 1205 2849 recepturus
1216 2801 1257 2850 se,
1272 2789 1389 2853 praediolo
1400 2789 1533 2840 inscribere
1549 2791 1661 2842 intendit.
1675 2794 1740 2849 Quin

954 2854 1035 2918 ipsum
1047 2856 1193 2907 audiamus:
1208 2859 1387 2912 ntionsuovs
1406 2861 1438 2911 dc
1453 2865 1550 2926 quitier
1563 2863 1589 2913 lc
1603 2865 1697 2913 monde
1713 2869 1738 2914 ci

955 2931 986 2980 de
1000 2943 1098 2992 nequer
1111 2933 1188 2980 noire
1200 2934 1354 2995 erratione...
1365 2935 1438 2982 Nous
1448 2946 1630 2983 ncrrsoerrons
1642 2935 1740 2986 bientot

954 3002 1022 3052 dans
1037 3005 1113 3051 rmtrc
1126 3001 1257 3067 δασκίοις
1267 3007 1294 3053 et
1302 3003 1333 3064 jc
1344 3017 1421 3065 uene,
1435 3017 1469 3053 en
1481 3019 1497 3067 γ
1508 3006 1644 3067 amount,
1658 3006 1739 3057 e'crirc

953 3085 1000 3123 sur
1013 3073 1041 3122 ia
1055 3073 1135 3134 porte
1154 3072 1186 3122 de
1199 3078 1359 3124 monacisca
1382 3087 1423 3123 ees
1442 3073 1513 3125 deun
1530 3087 1590 3126 uers
1606 3076 1688 3126 totins
1706 3090 1739 3126 cn

954 3147 1042 3195 lettres
1055 3144 1131 3195 d’or:

1007 3267 1086 3312 inveni
1097 3267 1190 3323 portum
1201 3279 1207 3309 ε
1220 3269 1274 3322 spes
1283 3269 1306 3309 ei
1316 3268 1424 3316 Fortuna,
1435 3264 1519 3316 vainie;

1033 3331 1070 3373 sat
1085 3338 1122 3371 mc
1135 3326 1230 3379 lusistis,
1240 3326 1311 3370 ludite
1323 3337 1386 3370 nunc
1399 3325 1460 3370 aiios.

953 3443 990 3492 Ab
1002 3441 1089 3491 eodem
1104 3443 1170 3491 tonte
1183 3441 1346 3492 Berrseradius
1365 3454 1464 3490 carmen
1485 3443 1657 3493 suavissimum
1676 3443 1738 3496 deri·

952 3513 1035 3572 varii,
1049 3525 1151 3562 nnuma
1170 3511 1281 3576 pluribus
1292 3512 1330 3574 (ni
1350 3512 1411 3562 tullii
1424 3512 1567 3575 memoria),
1588 3513 1679 3576 quibus
1697 3515 1739 3566 ilie

953 3585 1121 3636 suburbanum
1134 3597 1208 3633 suurn
1222 3583 1385 3633 Gemiliacum
1397 3588 1545 3634 ornaverat:

1006 3715 1137 3766 Ambition,
1147 3716 1259 3764 Fortune,
1270 3712 1351 3764 adleu,
1367 3724 1424 3757 vous
1435 3716 1459 3757 et
1469 3714 1501 3758 les
1511 3714 1587 3760 vdtres
1598 3728 1604 3758 ι

1058 3781 1087 3822 te
1099 3776 1265 3822 renutrimus
1277 3775 1375 3820 nabiter.

1005 3842 1078 3886 Adieu
1088 3840 1216 3889 toi-meme,
1228 3841 1323 3892 Anione,
1334 3838 1387 3883 bien
1399 3837 1449 3894 plns
1459 3850 1504 3894 quc
1515 3843 1566 3884 tous
1576 3839 1608 3884 les
1621 3844 1697 3884 autres

1058 3901 1176 3948 uilncilua
1187 3901 1318 3956 congedier.

982 4065 1013 4074 —
1029 4037 1158 4087 cnxvnr.
1171 4060 1203 4069 —
1217 4039 1237 4082 1.
1250 4033 1321 4084 Ceut.
1336 4034 1446 4083 Boisson.
1460 4033 1484 4082 i'n
1502 4036 1582 4084 Treiz.
1598 4047 1622 4097 p.
1638 4037 1692 4092 265,
1711 4037 1738 4084 ct

952 4112 1001 4158 net.
1013 4107 1045 4156 nd
1055 4109 1096 4164 xl,
1109 4118 1148 4168 ep.
1164 4108 1202 4164 80,
1217 4111 1239 4153 2.

982 4278 1012 4286 --
1024 4251 1183 4302 rnnxxxn.
1193 4279 1225 4288 —
1233 4255 1325 4302 Novam
1336 4247 1491 4312 planamque,
1505 4242 1648 4304 dividetur,
1662 4243 1737 4304 turjus

951 4321 1025 4386 epigr.
1041 4321 1186 4372 solutionem
1198 4335 1278 4384 nuper
1287 4317 1389 4384 protulit
1397 4313 1622 4364 vireruditissimus
1632 4315 1658 4362 L.
1671 4315 1737 4378 Becq

950 4393 981 4442 de
994 4393 1145 4454 Fouquicres
1159 4394 1185 4443 in
1203 4393 1266 4444 libro
1280 4393 1353 4440 docio
1366 4391 1392 4438 et
1404 4385 1525 4437 laborioso
1543 4386 1585 4434 bes
1607 4386 1675 4435 teuc
1692 4384 1737 4436 dus

951 4466 1060 4514 νννειννε
1072 4455 1163 4528 (ralis.
1181 4467 1248 4522 racc,
1266 4461 1317 4524 ιν),
1330 4473 1383 4522 cap.
1398 4458 1474 4518 nvn,
1491 4467 1562 4520 pagg.
1574 4458 1690 4505 orn-auo.

982 4609 1083 4657 --DLL
1101 4634 1128 4643 —
1138 4611 1161 4656 6.
1171 4604 1276 4654 Omnino
1286 4615 1345 4652 vera
1356 4601 1457 4650 ridetur
1466 4598 1578 4648 bleinelii
1591 4597 1712 4647 correctio
1725 4618 1731 4645 2

950 4681 1041 4735 Φοῖθος
1068 4679 1127 4740 ἐρῶ,
1141 4676 1212 4740 quasi
1231 4675 1262 4724 sit
1282 4679 1363 4735 saon:
1381 4673 1441 4735 ἐρῶ,
1461 4671 1550 4718 certus
1565 4669 1608 4729 (nt
1629 4666 1733 4729 Apollo)

951 4750 1120 4807 necnonque
1141 4760 1213 4796 sensu
1227 4746 1326 4809 vulgata
1347 4743 1421 4793 etiam
1442 4739 1534 4788 servari
1555 4741 1656 4801 potest:
1680 4737 1734 4786 soil.

951 4821 1060 4872 Pboebus
1070 4821 1121 4882 jam
1136 4819 1214 4877 dicct,
1231 4831 1270 4866 me
1282 4816 1423 4878 interprete.
1438 4811 1520 4860 Solent
1537 4812 1615 4872 poclm
1628 4820 1692 4857 nora
1710 4810 1735 4856 et

949 4905 1035 4955 magna
1043 4887 1132 4940 dicturi
1145 4889 1183 4938 his
1194 4887 1230 4938 uti
1241 4885 1360 4936 termulis.
1370 4883 1439 4933 coni.
1451 4883 1514 4940 xm,
1524 4895 1562 4945 ep.
1574 4883 1627 4936 266,
1638 4884 1692 4928 5-6.
1704 4880 1736 4928 Et

950 4969 1023 5018 latine
1036 4969 1168 5018 vaticinor
1179 4965 1215 5013 sic
1229 4966 1266 5012 est
1282 4961 1306 5010 in
1317 4960 1390 5009 ovid.
1404 4962 1502 5008 bieinm.
1513 4959 1568 5016 XV,
1581 4958 1633 5005 lit.

981 5143 1012 5154 -
1020 5111 1094 5160 DGV.
1104 5135 1136 5144 —
1144 5113 1168 5158 t.
1178 5109 1231 5156 Non
1238 5103 1372 5154 admodum
1381 5100 1513 5165 probabilis
1524 5097 1628 5150 lieclreri
1637 5099 1733 5160 conjec-

949 5185 1006 5232 tnra
1027 5181 1084 5246 (qui
1101 5183 1127 5229 et
1139 5178 1170 5228 de
1184 5179 1282 5227 nomine
1303 5173 1405 5239 poetrire
1425 5173 1529 5234 errauit,
1542 5183 1618 5235 quarn
1641 5173 1734 5232 Anyten

950 5252 1011 5303 dicit
1020 5253 1039 5314 l,
1055 5252 1174 5302 donariis
1191 5249 1333 5300 rrrutierurn
1347 5244 1592 5295 honestissimarum
1603 5245 1724 5294 monum

1544 5385 1581 5428 lii.
