3878 5912
231 415 270 474 60
796 401 1053 465 ANTHOLOGIAE
1076 400 1280 462 PALA'llNAE

230 547 334 623 Νηρῆος
345 539 488 621 λαθρίοισιν
499 538 668 605 θποπλεύσας
681 538 817 616 τενάγεσσι
828 585 836 610 ,

270 631 374 691 καὶτὸν
390 629 437 688 ἀπ’
454 629 569 707 ἀγκύρης
582 626 661 707 ύρμον
678 631 763 705 ἔκειρε
776 631 853 687 νεῶν.

191 737 204 776 t
232 720 379 798 λῦτανδρος
394 720 417 776 δ’
433 716 478 776 tel
491 721 540 796 γῆν
552 718 680 776 dilatem
697 715 794 798 Περσὶς
809 717 920 783 ἄναυδος

269 807 417 888 θλλυμένη,
433 806 526 887 πριθτη
539 810 619 885 πεῖρα
635 805 854 882 Θεμιστοκλέους.

370 956 372 967 “
443 955 512 1008 net.
536 947 796 1008 AN'l'llldTPOl'.

231 1092 346 1154 Στέλλευ
361 1091 401 1150 ἐπ’
414 1091 567 1172 Εὐφρήτην,
581 1090 664 1163 Ζηνὸς
678 1089 768 1158 τέκος·
781 1092 816 1157 είς
828 1089 857 1150 σέ
872 1089 923 1170 γὰρ
939 1091 990 1163 ήδη

269 1185 335 1260 ήῷοι
348 1179 461 1261 Πάρθων
476 1181 655 1256 αὐτομολοῦσι
670 1178 759 1246 πόδες.

231 1270 358 1342 Στέλλευ,
374 1268 456 1337 ἄναξ·
470 1268 540 1339 δήεις
555 1267 583 1326 δέ
598 1267 670 1348 φόθῳ
683 1266 870 1347 κεχαλασμένα
881 1266 958 1340 edio,

272 1363 393 1439 Καῖσαρ·
409 1359 539 1439 πατρῴων
550 1361 572 1416 δ’
583 1359 596 1384 *
610 1357 687 1438 ἀρξαι
701 1361 748 1416 ἀπ’
765 1358 903 1418 ἀντολέων·

193 1433 205 1456 ⁸
230 1449 338 1526 Ῥώμην
355 1451 389 1522 δ’,
404 1449 515 1528 ὠκεανῷ
530 1447 706 1527 περιτέρμονα
720 1445 856 1522 πάντοθεν,
869 1447 945 1514 αὐτὸς

267 1543 372 1618 πρῶτος
386 1535 555 1616 ἀνερχομένῳ
569 1537 714 1618 σφράγισαι
728 1537 817 1616 ἠελίῳ.

463 1690 532 1741 298.
555 1680 774 1741 ΑΝΤΙΦΙΛΟΥ.

230 1823 338 1883 Σκίτων
354 1847 386 1898 με
399 1820 463 1902 πρὸς
478 1822 539 1893 νηὸν
553 1821 696 1902 ἀνήγαγεν,
709 1823 770 1881 ὄντα
785 1822 896 1902 βέθηλον

270 1916 299 1971 οὗ
315 1918 409 1989 μοῦνον
421 1914 541 1985 τελετῆς,
557 1913 626 1971 ἀλλά
640 1911 685 1970 καλ
697 1911 800 1982 ἠελίου·

231 1998 333 2076 μύστην
348 2003 371 2060 δ’
386 2004 542 2082 ἀμφοτέρων
557 2024 589 2077 με
605 1999 674 2062 Θεαὶ
689 1997 776 2057 θέσαν·
789 1989 845 2058 οἶδα
859 1999 881 2058 δ’
892 1999 976 2079 ἐκείνῃ

271 2089 346 2148 νυκτὶ
358 2089 403 2148 καὶ
415 2091 557 2170 ὀφθαλμῶν
574 2089 656 2148 νύκτα
669 2088 861 2167 καθηράμενος.

230 2175 361 2237 ’desinam
377 2181 399 2235 δ’
414 2181 450 2246 εἷς
464 2177 530 2237 α’ίστυ
544 2177 711 2255 κατέοτιχον,
728 2175 803 2256 ὄργια
818 2183 904 2248 Annio

270 2266 409 2345 κηρύσσων
426 2266 549 2346 γλώσσης
564 2265 672 2342 ὄμμασι
686 2267 852 2346 τρανότερον.

300 2421 367 2471 299.
392 2410 598 2474 ‹blnffltlot
610 2407 944 2469 ΘΕΣΣΑΛΟΝΙΚΙὮΣ.

230 2552 331 2630 Ταῦροι
344 2549 547 2628 πρηϋτένοντες,
563 2553 748 2630 ἀροτριοτῆρες
762 2547 888 2627 ἀρούρης,

270 2643 306 2697 εἶν
322 2637 367 2698 ἀλλ
380 2637 439 2704 τοὺς
452 2637 528 2714 γαίης
543 2638 686 2716 ἀντέχομεν
701 2638 846 2713 καμάτους·

231 2727 335 2786 αὔλακα
350 2729 399 2800 τὴν
413 2727 535 2806 ἀσίδαρον
551 2731 576 2786 έν
591 2726 683 2786 ὕδασιν
698 2725 808 2802 ἕλκομεν
822 2727 917 2807 ἄμφω,

271 2815 441 2897 μακροτάνων
458 2815 570 2895 σχοίνων
585 2813 664 2893 ἅμμα
678 2813 865 2894 σαγηνύδιτον·

234 2905 322 2984 ἰχθύσι
338 2907 361 2963 δ’
377 2909 406 2966 έκ
424 2904 546 2983 σταχύων
560 2903 731 2982 λατρεύομεν.
774 2894 807 2964 *A
818 2904 973 2984 ταλαεργοίί

271 2992 322 3066 ἤδη
337 2996 387 3066 κήν
401 2993 512 3071 πιλάγει
527 2991 628 3072 καρπθν
643 2994 737 3072 ἀροῧσι
753 2993 821 3072 βόες.

492 3145 558 3197 eoo.
583 3137 757 3196 nunnius.
821 3103 824 3108 ’

231 3277 330 3358 Ταύρῳ
348 3277 486 3358 ρρικαλέον
502 3277 583 3344 νάπος
599 3276 743 3336 έκθαίνοντι
755 3275 876 3356 Δοθήρου

273 3367 424 3437 Πευκέστης
436 3363 511 3445 ἵππῳ
526 3365 650 3444 καρτερὸς
662 3365 795 3436 ἡντίασεν.

231 3456 301 3514 Ἀλλ’
317 3459 331 3513 ὁ
346 3455 395 3530 μέν
409 3452 519 3534 ὡρμήθη
535 3451 626 3530 πρηὼν
641 3452 701 3512 ἅτε·
711 3458 756 3511 τοῦ
767 3455 789 3510 δ’
806 3453 918 3512 ἁπαλοῖο

273 3543 400 3601 Παιονίδα
412 3541 513 3620 λόγχην
528 3533 578 3613 ἧκε
595 3541 638 3599 διὰ
652 3539 802 3622 κροτάφουτ

232 3629 348 3699 συλήσας
360 3631 475 3709 κεφαλῆς
488 3629 515 3686 δὲ
531 3631 638 3687 διπλοῦν
653 3629 747 3710 κέρας,
760 3628 814 3687 αἰέν
826 3628 917 3708 ἐκείνῳ

272 3722 427 3797 ζωροποτῶν
443 3719 536 3797 ἐχθροῦ
551 3717 652 3791 κόμπον
669 3719 725 3796 ἔχει
739 3719 862 3778 θανάτου.

452 3870 520 3920 eut.
545 3859 789 3919 ΣΕΚΟΥΝΔΟΥ.

230 4001 317 4064 Τίπτε
328 3999 372 4060 τδν
386 4000 502 4079 θγκητὴν
518 3997 667 4081 βραδύπουν
686 3998 744 4058 ὄνον
764 3999 860 4077 ἀμμιγ“
871 4001 897 4058 έν
913 3995 1003 4066 ἵπποις

230 4192 294 4240 dam
305 4187 366 4238 rada
379 4186 468 4238 tutuno
480 4186 589 4254 delapsus
600 4187 631 4237 ad
642 4186 690 4236 ima
701 4193 784 4236 natatu

263 4269 386 4334 Vincula,
398 4285 451 4335 qum
462 4269 541 4320 eureis
552 4263 668 4324 dentibud
680 4275 753 4336 apta,
765 4279 830 4318 secat
842 4284 849 4317 :

231 4357 269 4408 Sie
284 4355 378 4406 ratibus
395 4363 500 4421 pereunt
512 4353 587 4420 pulsis
598 4353 624 4403 iu
638 4353 722 4404 littora
734 4353 816 4414 Medi,

264 4437 379 4489 Materies
390 4435 459 4486 famae
469 4434 547 4503 prima
556 4434 748 4486 Themistoclem.

514 4583 579 4663 apd.¹
591 4611 734 4650 anienem.

264 4741 301 4785 De
310 4754 373 4788 caro
385 4735 544 4787 adscendente
556 4736 580 4786 in
592 4733 711 4787 Eleusinis
723 4733 833 4806 templrmr
845 4744 982 4802 reciperato

595 4836 655 4869 υιειι.
685 4847 686 4850 =

231 4993 338 5040 Darnerat
350 4987 381 5038 ad
393 4987 509 5053 ternplum
525 5003 563 5036 me
575 4986 668 5053 seipi0;
681 5002 731 5036 nou
743 4986 815 5037 medo
828 4984 900 5036 serris

264 5076 332 5137 lpse,
345 5069 385 5124 sed
398 5077 424 5119 et
434 5069 483 5120 Soli
495 5069 585 5136 quippe
596 5067 711 5136 profanus
722 5085 799 5122 eram.

229 5155 274 5203 Sed
287 5153 364 5202 iecere
376 5155 433 5202 Dea
442 5161 543 5218 mystem
556 5152 664 5217 Solisque
675 5166 791 5217 suumque
806 5167 814 5202 ε

263 5239 318 5292 Nox
328 5235 405 5285 oeulis
420 5244 515 5286 noctem
527 5234 621 5301 depulit
634 5235 679 5285 ista
697 5232 764 5286 meis‘.

1043 3077 1048 3088 ἱ
1091 3015 1141 3076 jnm
1151 3015 1177 3064 et
1190 3015 1216 3064 in
1230 3015 1316 3079 pelago
1332 3020 1441 3081 segetem
1452 3021 1522 3068 arant
1532 3017 1617 3068 bores.

1059 542 1131 593 Nerei
1143 545 1242 593 occulta
1254 542 1389 593 subrectus
1400 542 1476 603 rade,

1090 633 1117 681 et
1126 644 1158 682 ex
1166 644 1256 682 anema
1264 631 1458 682 stabilimentum
1470 632 1582 696 praeridit
1593 633 1704 683 narium.

1060 722 1091 768 Et
1102 719 1309 784 ipsis-eum-viris
1320 720 1347 770 in
1356 721 1448 770 terram
1456 720 1576 784 lapsaest
1585 720 1668 772 Persis
1682 727 1752 771 mute

1092 792 1203 873 periens,
1214 808 1322 873 primum
1335 808 1531 873 experimentum
1543 809 1726 860 Themistoclis.

1329 953 1383 1000 297.
1402 951 1580 1000 ANTlPdTlll.

1060 1104 1116 1152 Duo
1131 1102 1155 1152 in
1167 1101 1327 1166 Euphratem,
1339 1103 1410 1152 doris
1422 1102 1520 1154 soboles
1534 1103 1579 1152 :ad
1594 1105 1619 1154 te
1629 1104 1695 1154 enim
1703 1101 1752 1162 jam

1092 1179 1243 1241 sub-eurora
1257 1191 1403 1242 Pertlrorum
1418 1195 1649 1256 sponte-transeunt
1663 1197 1748 1256 pedes.

1060 1280 1129 1341 Due,
1139 1279 1273 1344 imperator
1285 1299 1291 1328 ι
1302 1279 1413 1330 invenies
1422 1283 1507 1330 autem
1516 1284 1586 1330 metu
1596 1275 1720 1332 relaxatos
1729 1295 1816 1345 arcus,

1093 1371 1177 1420 caesar
1192 1385 1199 1419 ι
1213 1369 1295 1434 patrio
1308 1383 1369 1420 rero
1381 1370 1463 1435 incipe
1476 1370 1508 1423 ab
1520 1373 1596 1421 ortu:

1060 1459 1164 1508 Romam
1178 1461 1274 1518 eutem,
1285 1469 1377 1507 oceano
1385 1457 1543 1507 terminatam
1552 1456 1677 1521 undique,
1689 1459 1741 1522 ipse

1094 1547 1190 1612 primus
1199 1546 1333 1610 emergenti
1345 1545 1446 1610 obsigna
1463 1546 1522 1596 sole.

1336 1710 1391 1758 298.
1409 1709 1575 1758 sntirfflu.

1062 1849 1169 1899 Baculus
1188 1860 1230 1898 me
1250 1847 1282 1896 ad
1300 1843 1422 1910 templum
1437 1843 1614 1910 dmm-duxit,
1626 1839 1796 1911 quum-essem
1811 1851 1847 1897 ut·

1092 1949 1142 1986 non
1155 1937 1229 1987 modo
1242 1935 1447 2009 initiationis‚eed
1461 1944 1487 1993 et
1501 1938 1573 1999 solis3
1623 1937 1847 2002 [protenus-expers

1063 2029 1170 2090 mysiam
1179 2041 1238 2079 rere
1247 2029 1375 2094 utriusque
1384 2045 1426 2083 me
1438 2033 1498 2082 Dete
1509 2031 1621 2082 iecerunt
1634 2030 1707 2079 :nori
1715 2032 1796 2079 autem
1807 2029 1846 2078 illa

1093 2118 1166 2167 nocte
1179 2118 1206 2167 et
1215 2118 1343 2169 oeulomm
1357 2124 1456 2172 noctem
1470 2117 1624 2184 deposuisse.

1061 2206 1097 2254 Ae
1107 2203 1252 2254 sinebeeulo
1264 2203 1289 2254 iu
1300 2205 1388 2258 urbem
1396 2205 1522 2266 descendi,
1535 2219 1605 2256 saera
1620 2205 1716 2256 cereris

1094 2290 1241 2356 predicans,
1253 2305 1328 2355 quem
1340 2293 1433 2359 lingui,
1443 2293 1521 2345 oeulis
1529 2292 1693 2344 manifestius.

1188 2436 1243 2483 299.
1259 2434 1397 2484 Pillhll‘Pl
1413 2405 1737 2486 Tlfflssneonlcbn'srss

1061 2573 1135 2625 Tauri
1148 2574 1394 2637 eolla-mansuefacti,
1405 2577 1516 2627 aratores
1529 2577 1608 2637 ruris,

1093 2661 1118 2712 iu
1135 2663 1197 2713 mnri
1209 2666 1282 2714 terrm
1297 2663 1449 2715 sustinemus
1462 2664 1577 2716 labores:

1063 2753 1157 2802 sulcum
1170 2752 1342 2816 absque-ferro
1352 2754 1379 2804 in
1390 2755 1460 2818 aquis
1474 2755 1600 2806 trahimus
1609 2754 1695 2816 nubo,

1094 2839 1306 2904 longe-tensorum
1318 2841 1413 2892 tunium
1429 2843 1521 2894 nodum
1530 2843 1784 2909 sagense-alligatum·¹

1062 2926 1171 2990 piscibus
1183 2940 1245 2977 rere
1258 2929 1315 2992 post
1328 2927 1408 2992 spinas
1421 2929 1579 2980 inservimus.
1595 2933 1664 2992 Heu,
1681 2931 1843 2993 laborumpa·

1734 3019 1843 3082 [tientest

1365 3161 1421 3208 300.
1435 3159 1553 3208 ADDAEI.

1061 3307 1141 3354 Tauro
1154 3303 1307 3355 tremendam
1320 3303 1409 3355 vallem
1422 3303 1557 3369 egredienti
1569 3303 1657 3357 bobert

1094 3394 1228 3452 Peucestes
1239 3392 1342 3456 in-equo
1352 3391 1450 3442 validus
1461 3391 1577 3442 occurrit.

1063 3481 1110 3530 Sed
1122 3480 1162 3531 ille
1173 3479 1273 3544 quidem
1285 3481 1396 3545 prorupit
1409 3481 1500 3531 inentis
1517 3481 1595 3531 beetur
1606 3497 1612 3529 :
1623 3484 1651 3530 at
1663 3481 1798 3530 teneratur

1094 3570 1233 3622 Paeonidem
1245 3570 1343 3621 hastam
1352 3569 1422 3621 misit
1431 3583 1475 3634 per
1484 3574 1610 3634 tempora3

1063 3661 1088 3710 et
1100 3658 1349 3723 postquam-abstulit
1359 3659 1447 3724 eapitis
1459 3659 1550 3724 duplex
1562 3675 1639 3710 eonio
1649 3699 1654 3720 ‚
1666 3673 1761 3724 semper
1773 3673 1800 3709 eo

1094 3750 1288 3812 merum-potans
1300 3746 1430 3799 de-bostili
1441 3749 1559 3812 glorietur
1573 3748 1648 3799 eade.

1346 3883 1402 3930 aot.
1421 3879 1565 3930 secubet.

1062 4013 1167 4068 Quinam
1177 4023 1221 4060 nte
1234 4011 1363 4061 rudentem
1374 4010 1527 4074 tardipedem
1537 4012 1632 4060 usinum
1642 4004 1792 4074 inter'eques

1066 4192 1099 4238 Ut
1113 4188 1174 4238 duee
1186 4204 1225 4238 me
1237 4188 1315 4251 redii,
1329 4198 1353 4238 te
1362 4188 1412 4254 jam
1425 4191 1496 4238 Ceres
1512 4186 1575 4236 alma
1587 4186 1683 4236 celebro

1096 4274 1152 4322 Non
1170 4271 1265 4338 lingue,
1278 4272 1320 4323 sed
1334 4273 1398 4336 quod
1412 4271 1501 4322 certius
1512 4278 1564 4332 eet,
1580 4272 1664 4324 ocrtlis.

1236 4428 1295 4478 299.
1304 4429 1426 4462 'Pfllhll’ss
1442 4426 1681 4461 ‘ramibonensis-

1062 4545 1127 4590 Ante
1139 4540 1197 4606 jugo
1209 4541 1295 4591 domiti
1307 4541 1452 4592 versavimus
1465 4557 1522 4591 ama
1534 4539 1647 4606 juvenci,

1095 4626 1129 4673 At
1140 4640 1204 4674 nune
1215 4640 1260 4690 pro
1273 4624 1344 4673 terris
1355 4638 1437 4689 equor
1450 4639 1520 4673 amre
1531 4623 1612 4672 detur.

1062 4706 1187 4758 Fluctibus
1198 4708 1224 4757 in
1240 4708 1317 4775 pelagi
1331 4707 1431 4757 iacimus
1443 4707 1495 4756 sine
1509 4721 1606 4756 vomere
1620 4705 1715 4768 sarlone,

1097 4795 1160 4839 Dum
1174 4806 1218 4840 nos
1231 4789 1345 4839 versiculi
1364 4789 1459 4839 rineula
1473 4790 1543 4852 longa
1556 4788 1638 4852 ligant.

1360 5095 1417 5146 θοι.
1436 5109 1547 5143 οεοοιιυι,
1589 5146 1590 5150 ¹

1060 5232 1125 5298 Quid
1138 5249 1175 5284 me
1189 5233 1349 5298 tardigradum
1364 5233 1452 5283 rudens
1463 5249 1536 5299 geniis
1554 5233 1617 5282 inter
1635 5234 1713 5280 areta
