3734 5920
330 419 456 482 CAPUT
476 421 526 481 xi.
550 421 831 484 EPIGRAMMATA
855 424 1089 492 CONVIVALIA
1111 432 1160 490 ET
1181 433 1382 497 inltlsotttn.
1595 443 1656 507 343

285 563 355 612 stt.
378 554 584 614 ΦΙΛΙΠΠΟΥ.

51 694 164 772 Χαίροιθ’
176 695 200 752 οἱ
210 693 270 774 περί
285 693 383 770 κόσμον
398 693 441 752 δελ
454 695 651 767 πεπλανηκότες
664 694 754 772 όμμα,

87 780 113 840 οἵ
121 783 144 840 τ’
157 781 204 840 ἀπ’
216 780 390 862 Ἀριστάρχου
406 785 482 853 σῆτες
498 783 678 862 α’κανδολόγοι.

52 874 99 932 [ici
113 868 163 949 γὰρ
177 869 236 945 ἐμοὶ
249 872 345 943 ζητεῖν,
355 871 429 937 τίνας
444 869 557 950 ἔδραμεν
571 871 646 943 ἥλιος
658 871 765 949 οίμους,

86 959 130 1018 καί
142 957 211 1026 τίνος
221 949 255 1030 ἦν
268 959 407 1038 Πρωτεὺς,
422 960 467 1019 καλ
481 959 520 1026 τίς
532 963 546 1018 δ
557 961 741 1038 Πυγμαλίων;

50 1050 71 1110 Γ
72 1045 202 1123 ινόισκοιμ’
214 1046 263 1105 ὅσα
274 1047 365 1106 λευκὸν
379 1044 435 1128 ἔχει
450 1046 576 1128 atizoen
591 1049 617 1107 δὲ
633 1047 744 1128 μέλαινα

13 1135 18 1140 ’
84 1132 183 1214 ἱστορίη
194 1133 270 1205 τήκοι
281 1132 341 1199 τοδς
354 1135 614 1215 Περικαλλιμόχονς.

255 1289 324 1340 848.
348 1280 612 1341 ΑΝΤΙΦΑΝΟΥΣ.

48 1411 177 1500 Ὦθηρῶν
191 1417 266 1500 βροτὲ
285 1422 385 1499 μᾶλλον
399 1419 530 1498 όνήμερε,
542 1419 630 1478 πόντοι
642 1443 671 1479 σε
686 1425 775 1500 μισεῖ,

82 1508 267 1588 τατρολέτωρ·
279 1507 365 1580 ποίντη
379 1507 402 1566 δ’
413 1507 552 1588 ἱκδόχεταί
567 1530 596 1567 σε
610 1507 698 1588 μόρος.

46 1595 95 1656 Ἦν
109 1596 153 1655 ἐπὶ
166 1599 215 1672 γῆς
229 1594 342 1676 ρεόγῃς,
358 1597 442 1676 ἀγχοῦ
456 1596 546 1662 λύκος·
557 1595 590 1667 ἢν
602 1596 629 1654 δὲ
644 1597 707 1676 πρὸς
722 1595 784 1677 ὕψος

82 1683 272 1765 δενδροόατῇς,
287 1683 367 1750 ἀσπίς
380 1685 448 1760 δεῖμ’
461 1684 526 1766 ὑπὲρ
542 1683 702 1762 ἀκρεμόνων.

49 1772 176 1852 Πειρόζεις
190 1773 237 1832 καλ
251 1773 363 1846 Νεῖλονς
376 1778 390 1832 δ
405 1772 427 1830 δ
439 1775 466 1831 ἔν
480 1771 562 1840 δίναις
575 1771 738 1852 κροκόδειλον

81 1861 197 1942 ἕτρερεν,
212 1864 249 1928 εἰς
261 1861 366 1928 ἇσεόεῖς
380 1865 448 1940 θῆρα
463 1861 640 1922 δικαιότατον.

289 2017 358 2068 349.
382 2009 574 2068 unnotho.

47 2148 107 2208 Etsi
120 2149 200 2207 πόθεν
213 2147 246 2208 od
261 2155 366 2229 μετρεῖς
380 2146 479 2224 κόσμον
493 2147 540 2206 καί
552 2147 666 2229 πείρατα
680 2149 758 2226 γαίης

78 2233 103 2302 ἐξ
118 2234 210 2312 ὀλίγης
224 2234 302 2312 γαίης
316 2238 394 2311 σῶμα
410 2234 495 2316 ρίροιν
511 2236 611 2312 ὀλίγον.

45 2323 139 2384 Σαυτδν
156 2325 307 2404 ἀρίθμησον
319 2325 447 2406 πρότερον
461 2323 508 2382 καί
521 2327 601 2402 γνῶθι
617 2324 737 2401 σεαυτόν,

79 2410 122 2470 καὶ
134 2410 189 2469 τότ’
204 2409 359 2490 ἀριδμήσεις
372 2411 451 2488 γαῖαν
466 2410 629 2490 ἀπειρεσίην.

45 2499 74 2559 Ei
85 2499 106 2556 δ’
117 2498 205 2574 ὀλίγον
219 2497 304 2569 πηλὸν
320 2503 365 2555 τοῦ
380 2495 503 2572 σώματος
520 2499 549 2556 οὗ
564 2503 749 2579 καταριθμεῐς,

77 2589 129 2652 πῶς
143 2585 257 2645 δύνασαι
271 2589 371 2662 γνῶναι
385 2589 437 2643 τῶν
452 2585 575 2665 όμίτρων
589 2585 623 2644 τδι
639 2587 736 2666 με’τρα;

139 2739 210 2788 350.
234 2728 407 2788 ΑΓΑΘΙΟΥ
429 2728 717 2789 ΣΧΟΛΛΣΤΙΚΟΥ.

269 2871 310 2926 Εἰς
320 2868 442 2930 δικολόγον
452 2869 587 2918 ἀδικοῦντα.

46 2990 139 3068 dinis,
151 2995 211 3059 πῶς
225 3015 256 3051 σε
270 2991 366 3063 λέληθε
379 2990 460 3064 Δίκης
474 2991 560 3069 ζυγὸν,
573 2991 603 3050 οὗ
616 2990 695 3058 νοίεις
709 2993 736 3050 δὲ

78 3079 200 3158 ἀνδρόσιν
215 3082 266 3160 οὖχ
277 3078 355 3146 ὁσίοις
367 3081 452 3158 ψῆφον
467 3079 655 3159 όριιλομένηνς

44 3169 136 3248 Ῥήτρη
150 3167 286 3234 πιστεύεις
297 3167 485 3248 πυκινόφρονι,
497 3171 531 3247 σῇ
545 3189 574 3224 τε
587 3171 693 3246 μενοινῇ

77 3258 191 3317 ποικίλον
210 3258 325 3328 αὐδῆσαι
341 3259 423 3332 μῦθον
439 3251 616 3334 ἐπισταμένη.

46 3347 165 3415 Ἐλπίζειν
180 3345 280 3414 ἔξεστι·
296 3341 384 3419 Θέμιν
398 3345 421 3402 δ’
435 3347 483 3402 οὐκ
496 3333 564 3402 οἶδεν
580 3345 692 3423 ἀμεῖψαι
781 3407 784 3416 Ι

78 3438 120 3505 τῆς
131 3436 179 3505 σῆς
192 3429 329 3508 ηλτμότου
343 3429 455 3509 παίγνια
470 3431 626 3513 ραντασίης.

283 3585 351 3636 361.
376 3575 573 3635 [tinniit.
629 3623 631 3628 .

46 3722 86 3798 [ᾧ
97 3717 227 3792 ττισσίνην
243 3719 375 3777 πωλοῦντι
386 3715 417 3774 sb
430 3715 533 3776 κελλίον
549 3715 622 3796 ἐχθὲς
635 3715 738 3790 ἔδωκα,

204 3907 262 3964 347.
283 3919 392 3951 rurnrrrr
409 3917 642 3951 ττιεσειοιιισειιειε.

48 3999 88 4050 Tio,
102 3994 188 4060 quibus
201 3994 293 4044 circum
305 3992 411 4043 coelestia
424 3994 506 4042 lumen
524 3991 635 4053 obet-rat,

73 4081 148 4143 hique
162 4077 196 4127 nh
206 4075 348 4128 Aristarcho
360 4092 403 4125 vos
414 4075 597 4142 repritineoia:

46 4163 98 4211 Nam
115 4161 248 4228 quidecim
266 4176 338 4222 mea,
357 4168 418 4224 quot
433 4164 468 4209 soi
487 4157 616 4225 perfecerit
630 4157 714 4219 orbae,

71 4249 120 4309 Qua
134 4246 213 4312 petrin
226 4249 339 4305 Proteum,
351 4259 401 4309 quo
419 4253 486 4309 patre
498 4244 654 4310 Pygmalion?

45 4331 106 4392 Quod
122 4339 211 4379 teretes
224 4327 296 4378 faciet
308 4343 404 4388 versus,
423 4327 489 4378 volo.
502 4313 712 4382 Callimaohastros

72 4411 192 4460 Enonniet
207 4409 321 4476 quioquid
332 4425 381 4458 nox
399 4406 473 4458 habet
485 4406 602 4460 historin.

316 4513 374 4567 348.
393 4527 553 4561 εκτιεαιιιιεε.

47 4613 87 4658 hos
97 4625 176 4660 omncs
188 4620 213 4659 te
224 4610 312 4672 odere,
332 4609 389 4659 ieris
400 4607 475 4660 homo
486 4609 578 4670 saevior,
595 4618 619 4658 et
632 4618 668 4666 te,

72 4692 153 4741 Omnia
166 4708 222 4742 cum
239 4691 338 4758 perdes,
355 4691 462 4756 undique
479 4691 527 4741 fata
538 4701 645 4742 manent.
690 4713 692 4718 ·

45 4774 66 4825 Si
75 4783 135 4825 terra
146 4775 236 4840 fugias,
253 4776 321 4841 juxta
334 4774 404 4840 lupus
417 4789 424 4825 :
442 4773 536 4824 arbon's
548 4774 601 4823 altre

72 4859 198 4910 dmin
211 4875 304 4922 ratitos,
316 4857 373 4908 heic
387 4857 460 4908 timor
476 4857 539 4924 aspis
559 4857 634 4908 adest.

46 4944 66 4995 si
76 4952 164 4994 tenure
174 4943 219 4994 tibi
227 4943 312 4994 Nilum
326 4943 404 5009 placei
412 4979 420 5005 ‚
436 4941 524 4993 inuidet
538 4942 603 4991 ultor

47 5075 50 5079 .
73 5031 148 5079 initia
158 5027 185 5076 in
195 5025 294 5090 injuratos
306 5024 351 5075 has
367 5024 507 5075 Cmoodiius
520 5039 602 5090 aqum.

316 5129 375 5192 349.
392 5143 517 5178 ricuino.

1 5282 2 5287 ,
49 5227 100 5290 Qu
111 5227 156 5279 tihi
170 5237 287 5278 terrorum
306 5224 387 5276 metiri
404 5235 511 5290 extrema
529 5223 632 5292 cupido,

1154 585 1209 632 347.
1226 583 1373 634 PHILIPPI.

873 722 958 772 valete
963 721 1076 784 quicirca
1085 722 1206 773 mundum
1215 737 1293 787 usque
1305 727 1535 778 errantemvertitis
1547 729 1656 789 oculum,

903 811 929 859 et
937 809 969 858 ab
981 809 1121 860 Aristarcho
1133 811 1206 861 tinea
1222 813 1433 878 comasiogeutee

872 901 927 956 Quo
937 897 1071 949 enimroihi
1076 901 1191 963 pertinet
1203 913 1312 963 quaerere
1323 914 1387 964 quas
1393 903 1539 966 percurrerit
1548 905 1586 954 sol
1595 903 1657 965 rins,

902 987 928 1036 et
937 986 1009 1047 cujus
1017 986 1162 1050 eesetfilins
1170 989 1282 1048 Proteus,
1294 991 1319 1038 ct
1328 990 1384 1054 quis
1396 991 1555 1055 Pygmalion?
1569 1019 1571 1024 ,
1674 977 1675 982 ¹

872 1079 1023 1142 Cognoscam
1037 1090 1094 1139 qnae
1104 1076 1186 1127 albam
1202 1076 1293 1128 habent
1302 1078 1391 1132 tineam
1401 1079 1486 1144 (ciero
1497 1084 1576 1146 sinti!
1591 1082 1658 1146 nigro

905 1163 1006 1216 historia
1017 1164 1136 1216 arefaciat
1147 1164 1420 1218 Callimachi-asseclas.

1127 1312 1182 1360 348.
1200 1311 1398 1360 rudipannis.

871 1453 892 1499 0
906 1449 994 1500 belluis
1005 1450 1080 1499 borno
1089 1449 1168 1513 tnagis
1177 1447 1318 1511 inhumane,
1331 1452 1421 1499 cuncta
1431 1452 1455 1500 tc
1466 1449 1586 1508 odorum,

902 1535 1021 1600 patricida
1032 1556 1038 1586 ι
1049 1535 1142 1599 ubique
1155 1547 1214 1586 vero
1227 1535 1319 1600 excipit
1330 1539 1355 1586 te
1365 1536 1453 1586 letum.

870 1625 895 1674 Si
907 1638 981 1689 super
992 1627 1059 1675 terre
1073 1624 1163 1688 fugias,
1177 1637 1253 1689 propo
1265 1625 1353 1688 lupuit
1369 1625 1392 1674 si
1403 1625 1498 1674 veroin
1509 1623 1627 1675 acinetum

901 1713 1134 1774 arbore-ascendas,
1145 1711 1210 1776 mois
1219 1714 1299 1762 terror
1307 1725 1381 1776 snper
1389 1713 1472 1762 muris.

870 1803 960 1852 Teutas
972 1805 998 1851 ot
1009 1801 1107 1850 Nilum?
1116 1802 1143 1850 at
1154 1799 1194 1850 hic
1205 1799 1231 1850 in
1240 1799 1374 1850 vorticibus
1386 1799 1544 1852 crocodilum.

901 1889 989 1951 nutrit,
1001 1889 1026 1939 in
1039 1888 1128 1952 impios
1136 1887 1245 1938 belluam
1257 1887 1429 1950 justissimam.

1146 2026 1201 2075 349.
1219 2026 1382 2074 PALLADAE·

869 2165 915 2215 Dic
929 2163 993 2214 vinde
1005 2167 1033 2214 tu
1046 2163 1141 2214 motivis
1152 2162 1274 2213 mundum
1284 2166 1310 2213 et
1321 2162 1384 2214 finos
1394 2166 1479 2224 terra,

900 2266 928 2302 en
940 2251 1027 2316 exigna
1039 2253 1106 2302 terra
1117 2264 1207 2314 corpus
1221 2249 1301 2300 serens
1315 2251 1438 2315 exigvrnm.

871 2340 1001 2404 Teiorum
1014 2353 1119 2389 numera
1132 2339 1201 2404 prius
1217 2341 1242 2389 et
1259 2353 1333 2390 nosce
1347 2341 1373 2390 te
1387 2340 1482 2404 ipsum,

900 2432 926 2480 et
937 2432 997 2479 tunc
1007 2427 1150 2478 numerabis
1161 2427 1296 2492 (irretiaris)
1309 2433 1402 2478 terram
1414 2427 1542 2477 infinitam.

868 2518 892 2568 si
906 2531 966 2568 vero
977 2517 1093 2580 exignum
1106 2515 1187 2565 lutum
1200 2516 1309 2578 corporis
1322 2529 1371 2564 non
1383 2529 1514 2576 numeras,

900 2605 1025 2670 quomodo
1036 2607 1108 2669 potes
1121 2615 1269 2668 cognoscere
1282 2603 1458 2653 immensorum
1471 2611 1629 2655 mensurant?

1032 2751 1087 2796 ³50.
1106 2746 1255 2795 aonTfflAE
1272 2745 1487 2796 scflonnsrtcl.

1062 2868 1087 2908 in
1099 2863 1237 2909 causidicum
1247 2865 1334 2918 injuste
1342 2867 1454 2918 agemon.

868 2998 971 3056 stolide,
985 2999 1030 3060 qui
1043 2999 1068 3046 tc
1081 2995 1168 3046 fefellit
1178 2995 1287 3044 iustitiae
1296 2995 1396 3058 jugum,
1411 3008 1492 3058 neque
1502 2993 1572 3043 vidos

898 3087 960 3136 viris
971 3099 1019 3135 non
1029 3084 1102 3149 puris
1115 3084 1262 3134 sententiam
1279 3083 1406 3133 debitam?

868 3175 977 3226 Orationi
986 3171 1399 3237 mandamento-excogitata,
1415 3171 1595 3235 tumquententi

899 3264 1011 3314 fabaeem
1024 3261 1107 3325 eloqui
1121 3273 1258 3312 sermonem
1273 3259 1370 3310 scienti.

867 3357 969 3416 sperare
981 3351 1054 3412 licet,
1069 3351 1156 3412 sinin·
1169 3347 1273 3398 Themin
1283 3361 1344 3397 vero
1355 3360 1403 3396 non
1416 3348 1506 3396 norunt
1519 3349 1616 3396 mutare
1699 3385 1701 3389 .

898 3444 949 3491 tute
960 3439 1060 3512 insulsa
1070 3437 1165 3488 ludicra
1176 3432 1320 3501 phantasia).

1140 3588 1196 3636 ³51.
1215 3585 1375 3634 Pucinum.

866 3727 991 3778 munnam
1002 3723 1118 3775 vendenti
1131 3722 1243 3773 cellulam
1252 3723 1305 3772 trevi
1315 3721 1387 3780 dorii,

899 3882 934 3928 Ex
949 3877 1043 3926 modica
1059 3884 1124 3924 terra
1140 3874 1181 3940 qui
1199 3872 1274 3923 breve
1286 3889 1372 3938 corpus
1384 3871 1476 3921 trabes?

865 3964 926 4012 Cum
940 3959 1003 4009 bene
1020 3967 1044 4006 tc
1060 3956 1143 4017 noris,
1161 3971 1217 4004 cum
1238 3964 1262 4004 tc
1274 3953 1438 4003 numeraveris
1454 3955 1516 4020 ipsc,

898 4044 980 4110 Incipe
993 4040 1086 4092 telluris
1097 4050 1155 4090 tuuc
1170 4054 1299 4089 numerare
1315 4037 1422 4102 globum.

864 4128 889 4179 si
905 4143 1032 4176 numerere
1043 4125 1127 4190 nequis
1141 4123 1263 4172 tantillum
1278 4123 1302 4170 in
1319 4138 1420 4188 corpore
1432 4123 1533 4182 limum,

898 4213 973 4262 Hisne
984 4210 1080 4260 modom
1093 4224 1178 4276 ponas,
1191 4223 1243 4274 quae
1255 4223 1354 4256 contere.
1369 4207 1461 4257 modo?

1078 4368 1135 4417 350.
1155 4381 1270 4415 actvm
1287 4381 1449 4416 sonet-terror.

863 4508 957 4569 Stulte,
977 4505 1053 4556 malos
1065 4504 1142 4570 qualis
1158 4512 1255 4552 manent
1273 4503 1390 4551 sententia
1412 4503 1501 4565 crescis,

896 4594 948 4642 Noc
964 4605 1036 4655 quam
1051 4587 1154 4638 iustitiae
1170 4587 1232 4637 libra
1243 4587 1275 4636 sit
1285 4601 1352 4652 αιμια
1370 4586 1449 4648 vidrs;

864 4675 962 4740 Ingenio
981 4673 1034 4723 fidis
1052 4673 1185 4737 iugumque
1202 4670 1314 4720 volubilis
1327 4670 1388 4728 arti,

896 4764 956 4824 Quo
970 4759 1048 4808 varios
1061 4757 1120 4806 falso
1130 4765 1247 4822 temperet
1261 4769 1303 4803 ore
1318 4769 1398 4805 sonos.

862 4846 933 4909 Spem
945 4858 994 4891 non
1012 4839 1127 4890 invideo:
1141 4839 1182 4887 sed
1200 4851 1323 4901 nunqnam
1341 4835 1433 4885 ludicro
1450 4836 1538 4886 mentis
1583 4839 1589 4852 ⁸

896 4929 968 4976 Furta
986 4933 1033 4975 tute
1044 4923 1109 4974 Jurir
1122 4931 1216 4972 vortere
1228 4919 1277 4968 τίιιι
1289 4928 1413 4985 potentat.

1146 5061 1205 5124 δότ.
1223 5087 1347 5120 romana.

863 5228 951 5276 Coetor
968 5221 1023 5273 heri
1039 5223 1137 5290 ptisonoe
1149 5222 1234 5272 ceilam
1254 5221 1401 5271 conduxerat
1415 5233 1481 5268 ante
1497 5233 1507 5269 ε
