3774 5914
151 427 191 486 78
698 433 953 496 ANTHOLOGIAE
976 438 1179 500 PnLn'llnAE

410 567 470 616 ³79.
489 570 547 614 'lot
566 571 671 619 illul:

1256 587 1311 633 379.
1331 595 1477 640 EIUSDEH.

151 689 225 748 Φασὶ
238 693 433 768 παροιμιακῶςν
448 718 460 743 ν
476 689 525 749 κᾶν
543 683 571 758 i<
584 693 659 752 δάκοι
679 694 759 773 ἄνδρα
777 694 890 775 πονηρόν
905 716 930 747 ν·
976 702 1067 754 Dicunt
1079 705 1211 768 proverbio
1225 720 1231 749 ι
1247 725 1259 750 ν
1274 708 1320 758 Vel
1332 719 1376 760 sus
1388 713 1501 764 mordeat
1511 716 1591 766 virum
1605 718 1701 767 malum
1719 736 1746 776 νς

190 775 257 836 ἀλλὰ
271 776 324 836 τύδ’
335 769 385 855 οὐχ
398 777 465 838 οίίτοι
478 780 546 860 φημί
559 787 676 860 προσῆκε
692 782 791 859 λέγειν·

997 788 1091 843 ’νοιιιιιι
1105 794 1152 844 boe
1166 808 1214 844 non
1227 795 1276 858 sio,
1292 796 1346 861 aio,
1359 797 1463 850 decebat
1475 802 1557 866 eloqui
1573 825 1579 853 :

150 853 217 914 ἀλλὰ
233 881 245 906 ν
261 855 335 914 δάκοι
348 857 397 915 κθν
412 849 441 924 ῧς
454 858 565 933 ἀγαθοὺς
580 861 625 918 καί
640 863 809 941 ἀπράγμονας
820 861 929 943 ἄνδρας,
976 879 1020 932 sed
1032 901 1045 924 ν
1063 881 1175 933 Mordeat
1189 884 1229 934 rel
1241 897 1285 933 sus
1300 885 1380 937 bonos
1390 890 1416 937 et
1428 886 1650 955 hand-negotiosos
1666 895 1753 955 uiros,

188 969 200 993 ν
215 943 259 1002 τδν
273 943 301 1003 δὲ
315 945 395 1004 κακδν
412 946 502 1014 δεδιὼς
517 947 622 1020 δήξεται
636 951 694 1008 οὐδὲ
710 950 812 1030 δράκων
829 977 853 1012 ν.
874 1024 877 1028 .

430 1103 491 1154 380.
511 1107 650 1154 ΑΔΗΔΟΝ.

149 1229 180 1288 Εἰ
194 1225 281 1308 κύκνῳ
296 1227 404 1288 δύναται
417 1229 522 1308 κόρυδος
536 1229 723 1308 παραπλήσιον
737 1231 811 1312 Ιοζίδειν
820 1245 831 1304 ,’

185 1317 302 1394 τολμῷεν
319 1314 342 1372 δ’
356 1315 441 1395 ἐρίσαι
456 1321 560 1384 σκῶπες
573 1316 721 1395 ἀηδονίσιν,

146 1406 168 1462 εί
182 1403 276 1471 κόκκυξ
290 1402 404 1480 τέττιγος
419 1405 471 1483 ἐρεῖ
486 1403 657 1483 λιγυρώτερος
670 1396 753 1480 εἶναι,

180 1484 229 1553 ἶσα
246 1501 318 1552 ποεῖν
336 1493 381 1551 καὶ
397 1494 449 1572 ἐγὼ
461 1495 608 1576 Παλλαδίῳ
623 1495 746 1572 δύναμαι.

323 1645 390 1696 aar.
418 1636 745 1697 ollnsousrlll‘ssn'.

381 1758 421 1813 Εἰς
436 1757 553 1816 Λέανδρον
562 1759 602 1805 καὶ
617 1757 692 1821 Ἡρῶ.

141 1879 219 1956 Ἀκτῇ
234 1879 276 1938 ἐπὶ
291 1877 442 1960 προύχούσῃ
453 1923 461 1949 ,
473 1877 516 1938 ἐπὶ
531 1882 626 1937 πλατεῖ
641 1879 850 1961 Ἑλλησπόντῳ,

140 1965 267 2048 παρθένος
278 1966 363 2040 αἰδοίη
377 1968 505 2048 ὑπερώϊον
519 1967 684 2028 εἷσαναύᾶσα

140 2056 234 2136 πύργῳ
248 2055 395 2137 ἰφειστήκει
407 2054 510 2134 γοόωσά
524 2079 552 2114 τε
565 2055 699 2135 μυρομένη
714 2079 755 2115 τε·

139 2144 249 2224 χρύσεον
270 2143 365 2224 λύχνον
381 2145 500 2220 έχουσα,
516 2141 580 2222 φάος
594 2143 748 2220 περικαλλές
763 2144 861 2218 ἐποίει,

97 2261 110 2297 5
139 2241 223 2291 κεῖνον
238 2233 343 2309 δέομένη
357 2231 401 2289 τθν
416 2229 571 2308 κάμμορον,
586 2229 610 2287 εἴ
623 2235 700 2288 ποθεν
715 2231 784 2292 ἔλθοι

139 2322 299 2403 νηχόμενος,
318 2320 364 2379 καί
376 2320 478 2397 λαῖτμα
492 2319 595 2400 τάχισθ’
613 2319 675 2387 alt<
686 2321 862 2396 έκπεραοίσκοι

137 2410 218 2469 νύκτα
232 2407 265 2468 δι’
281 2406 445 2486 άμύροσίην,
458 2407 501 2466 dre
516 2411 539 2466 θ’
552 2406 654 2466 εὕδουσι
668 2408 755 2487 βροτοί
770 2409 861 2469 ἄλλοι·

138 2497 224 2575 ῥόχθει
237 2494 288 2575 γὰρ
303 2495 370 2572 μέγα
385 2499 457 2572 κδμοι
472 2494 532 2553 ποτὶ
546 2494 616 2573 ἱερὸν
632 2495 759 2574 ἠπείροιο.

136 2583 237 2646 Ὄσσαν
250 2584 301 2662 γάρ
312 2584 402 2650 νύκτες
414 2607 443 2641 τε
454 2582 499 2640 καί
511 2581 609 2662 ἡμέραι
621 2584 782 2660 ἓκγεγοίασι,

92 2697 119 2742 10
136 2672 262 2751 παρθένος
274 2669 360 2743 ἠΐθιθι
379 2674 402 2729 τ’
420 2669 551 2748 ὀαρίζετον
569 2671 738 2742 ἀλλήλοισιν,
813 2735 818 2747 ,

136 2766 171 2828 είς
188 2761 263 2832 εὐνὴν
277 2763 421 2841 φοιτῶντε,
436 2759 525 2841 φίλους
538 2760 648 2830 λήθοντε
662 2765 774 2837 τοκῆας,

135 2849 160 2910 οἳ
175 2849 279 2920 Σηστδν
294 2847 340 2908 καὶ
354 2847 465 2908 Ἀύυδον
480 2848 541 2928 ἔχον
556 2847 602 2907 καί
615 2848 671 2908 δῖαν
683 2848 817 2929 Ἀρίούην.

315 2997 383 3048 382.
406 2986 735 3047 ΟΜΗΡΟΚΕΝΤΡΩΝ.

347 3108 376 3157 '0
388 3111 478 3171 πριῖντος
494 3109 580 3170 Ἠχοῦς
595 3107 707 3164 ἀκούσας.

131 3225 169 3292 Ὦ
184 3233 269 3312 φίλοι,
285 3232 369 3310 ἥρωες
383 3231 498 3303 Δαναοί,
514 3233 668 3312 θεράποντες
684 3227 793 3311 Ἄρηος,

132 3318 279 3398 ψεύσομαι,
297 3321 315 3389 ἢ
333 3322 428 3395 ἔτυμον
444 3319 524 3400 Epium
537 3321 642 3380 κέλεται
658 3319 686 3378 δέ
699 3343 732 3396 με
745 3321 833 3397 θυμός.

130 3407 221 3484 Ἀγροδ
237 3407 278 3464 ἐπ’
294 3409 431 3486 ἐσχατιῆς,
447 3405 487 3464 tta
504 3407 611 3486 δένδρεα
624 3407 714 3486 μακρδι
727 3404 853 3485 πεφύκει,

130 3494 197 3552 ναίει
214 3493 378 3570 ἐϋπλόκαμος
389 3493 459 3564 δεινὴ
473 3493 529 3562 θεδς
545 3494 695 3567 αὐδήεσσα,

88 3604 101 3641 s
130 3583 146 3654 ἢ
162 3581 234 3654 θεδς,
244 3579 276 3653 ἠέ
292 3580 371 3661 γυνή·
387 3581 427 3640 τολ
442 3581 468 3639 δὲ
487 3583 629 3663 φθέγγοντο
643 3586 791 3648 καλεῦντες.

129 3671 163 3730 El
176 3667 202 3731 δέ
216 3667 393 3749 φθεγξαμένου
404 3691 450 3726 του
466 3669 484 3740 ἢ
499 3669 661 3740 αὐδήσαντος
676 3669 793 3750 ἀκούσῃ,

130 3747 201 3825 αύτις
216 3756 344 3837 ἀριζήλως
359 3755 485 3835 εἰρημένα
501 3757 680 3834 μυθολογεύει.

128 3844 208 3905 Ἀλλὰ
221 3845 266 3919 τίη
280 3867 322 3903 τοι
337 3849 421 3902 ταῦτα
437 3844 616 3924 διεξέρχεσθαι
636 3845 752 3921 {suom

128 3935 174 4005 τὴν
190 3935 213 3994 δ’
227 3932 288 4016 οὔτ’.
297 3937 410 4013 άθρῆσαι
425 3931 520 4010 δύναμ’
534 3934 639 4007 άντίον,
652 3932 710 3992 ούτε
722 3937 826 4004 νοῆσαι.

76 4041 98 4078 ιο
127 4022 256 4084 Ὁπποῐύν
272 4027 297 4081 κ’
313 4023 427 4102 είττρσθα
442 4021 502 4089 έπος
513 4066 521 4098 ,
533 4022 601 4082 τοῖόν
617 4025 642 4080 κ’
656 4021 825 4089 ἐπακούσαις.

422 4307 479 4368 359.
491 4321 606 4353 ειυευτνι.

122 4446 169 4495 Vel
182 4462 248 4508 mua,
259 4447 342 4512 vulgus
354 4448 397 4507 ait,
412 4449 487 4499 reteri
496 4464 621 4512 sermone,
630 4458 757 4498 nocentem

154 4528 265 4578 Mordeat
277 4545 284 4581 ε
295 4529 319 4578 id
330 4546 412 4580 rerum
422 4530 518 4581 iortiler
527 4546 577 4580 esse
584 4546 655 4595 nego.

121 4610 233 4661 Mordeat
245 4610 294 4660 imo
307 4611 382 4661 bonos
393 4613 433 4661 vel
446 4628 499 4662 mus
513 4612 601 4678 quibus
612 4611 663 4661 otia
673 4613 743 4662 cordi
757 4628 764 4664 :

154 4695 265 4745 Mordeat
278 4695 327 4762 ipse
338 4697 413 4747 malos
424 4713 468 4747 nec
477 4697 549 4747 draco
559 4732 567 4757 ,
578 4698 667 4764 quippe
677 4698 754 4748 limet.

416 4875 474 4924 380.
494 4890 604 4926 ιιισιιτι.

119 5005 213 5054 Noctua
223 5003 242 5052 si
252 5003 346 5055 studeat
354 5016 451 5064 cantus,
461 5023 521 5073 quos
530 5009 579 5059 edil
591 5009 680 5071 aedon,

151 5085 269 5149 Vincere,
279 5085 298 5136 si
308 5088 377 5152 cygni
386 5098 463 5138 certet
471 5091 555 5141 alauda
565 5091 641 5142 modis
652 5108 659 5154 ς

116 5168 140 5219 Si
150 5170 247 5219 cuculus
256 5180 335 5235 sperat
349 5171 472 5222 facundior
486 5189 536 5224 esse
550 5175 650 5237 cicadis,

148 5256 246 5320 Sperem
258 5254 363 5306 Palladio
377 5273 416 5306 me
430 5257 481 5308 sore
493 5269 517 5310 et
531 5259 582 5328 ipse
597 5276 688 5326 parem.

1006 973 1098 1023 melum
1113 977 1196 1024 autem
1210 975 1300 1026 timens
1316 976 1440 1030 mordebit
1449 993 1480 1030 ne
1493 993 1594 1045 serpens
1604 983 1716 1046 quidem.
1732 1007 1744 1026 ν

1253 1113 1309 1160 380.
1336 1121 1476 1166 uncam.

974 1236 999 1284 si
1016 1248 1093 1298 cycno
1104 1239 1187 1300 potest
1204 1239 1292 1291 alauda
1312 1241 1428 1294 amedera
1437 1247 1562 1308 canendo,

1005 1322 1161 1389 audeantque
1173 1329 1320 1380 contendere
1336 1330 1448 1383 bubones
1461 1348 1519 1384 cum
1531 1336 1653 1392 lusciniis.

974 1412 995 1462 si
1008 1414 1111 1465 cuculus
1124 1414 1209 1466 cicada
1221 1417 1289 1468 dicet
1302 1420 1412 1483 argutior
1420 1434 1488 1478 csse.

1004 1516 1075 1566 reque
1087 1504 1169 1554 iacere
1179 1508 1205 1555 et
1220 1519 1265 1570 ego
1278 1507 1386 1558 Palladio
1400 1523 1509 1573 possum.

1192 1641 1247 1688 381.
1265 1643 1512 1698 ΗΟΜΕΒΟΟΕΝΤΟ.

1224 1775 1252 1816 Ιιι
1264 1772 1391 1818 leandrum
1401 1778 1425 1822 et
1434 1777 1503 1821 llero.

969 1897 1063 1948 Littore
1078 1898 1104 1968 in
1117 1898 1278 1962 prominenti,
1291 1901 1362 1964 justa
1374 1902 1451 1952 latum
1462 1905 1663 1969 Hellespontum,
1713 1923 1715 1926 ·

970 1987 1036 2050 uirgo
1043 1987 1529 2056 pudicainsnperioremdomuspartem
1538 2009 1594 2060 quae
1602 1998 1763 2054 ascenderat.

860 2128 864 2135 Ι
969 2074 994 2122 ίιι
1006 2074 1068 2126 turri
1078 2076 1160 2126 stabat
1172 2091 1321 2142 gemensque
1332 2079 1521 2145 lacrimansque,

968 2177 1070 2214 aureum
1086 2164 1203 2228 lychnum
1215 2166 1322 2227 babens,
1336 2169 1417 2219 lucem
1428 2171 1619 2233 pulcherrimam
1633 2174 1759 2231 iaciebat,

967 2253 1036 2302 illum
1050 2253 1198 2318 presagiens
1211 2254 1349 2316 infelicem,
1363 2255 1465 2306 sicunde
1476 2258 1572 2308 reniret

967 2345 1068 2404 natans,
1080 2345 1107 2392 et
1122 2341 1264 2406 voraginem
1277 2343 1406 2394 celerrime
1425 2344 1485 2395 salis
1495 2345 1619 2408 trajiceret

967 2432 1065 2480 noctem
1078 2443 1123 2494 per
1134 2431 1258 2491 divinam,
1269 2432 1368 2494 quando
1386 2433 1637 2486 donniuntmortales
1646 2437 1689 2486 alii
1701 2459 1707 2488 :

967 2518 1093 2581 strepebat
1106 2516 1171 2568 euim
1181 2531 1287 2582 magnus
1298 2518 1389 2570 fluctus
1402 2520 1432 2569 ad
1445 2519 1541 2570 aridam
1551 2522 1709 2573 continentis.

966 2607 1094 2669 Quotquot
1112 2605 1178 2656 enim
1191 2609 1325 2669 noctesque
1338 2610 1364 2657 et
1378 2605 1431 2658 dies
1447 2607 1615 2672 exorti-sunt,

966 2694 1036 2756 virgo
1047 2693 1194 2757 juvenisque
1208 2694 1429 2746 confabulabantur
1440 2696 1555 2758 inter-sc,

965 2781 997 2831 ad
1010 2783 1103 2833 lectum
1114 2785 1212 2844 euntes,
1225 2796 1283 2833 suos
1297 2783 1360 2834 clam
1374 2787 1502 2847 parentes,

964 2869 1008 2933 qui
1018 2871 1118 2920 Sestum
1128 2872 1154 2920 ct
1163 2870 1279 2932 Abydum
1291 2871 1435 2921 babitabant
1446 2874 1472 2922 ct
1485 2871 1552 2923 diam
1565 2874 1688 2924 Arisbam.

1263 3013 1317 3060 382.
1341 3022 1447 3064 sLlun.

1160 3117 1192 3158 ne
1204 3115 1279 3169 coqui
1294 3113 1382 3168 palmus
1397 3115 1457 3160 Ecba
1472 3115 1549 3162 audiit

962 3238 982 3282 0
997 3234 1083 3294 amici,
1098 3234 1186 3285 heroes
1196 3236 1287 3298 Danai,
1298 3236 1404 3286 ministri
1414 3238 1513 3298 Martis,

961 3322 1074 3383 mentiar,
1085 3337 1117 3373 an
1125 3336 1213 3374 verum
1222 3322 1320 3374 diem?
1332 3323 1405 3388 jubet
1416 3329 1500 3376 nutem
1511 3340 1550 3377 me
1564 3328 1670 3378 anirnus.

962 3411 1018 3476 agri
1031 3412 1055 3462 in
1069 3414 1277 3476 extrema-parte,
1290 3412 1334 3464 ubi
1345 3413 1448 3464 arbores
1466 3414 1545 3478 longae
1562 3421 1709 3475 creverunt,

960 3500 1054 3551 habitat
1069 3499 1435 3564 pulebms-cincinnos·babens
1446 3506 1534 3566 potens
1542 3503 1590 3554 dee
1602 3506 1714 3562 uocalis.

959 3606 1003 3642 seu
1016 3592 1107 3642 desert
1119 3605 1163 3641 seu
1173 3591 1262 3641 mulier
1276 3608 1282 3640 ι
1301 3591 1336 3641 illi
1347 3595 1430 3642 eutem
1443 3592 1608 3656 loquebantur
1617 3599 1747 3644 uocantes.

959 3681 985 3730 Sl
999 3693 1059 3730 vero
1068 3681 1179 3730 locutum
1193 3678 1300 3743 aliquem
1311 3682 1356 3731 aut
1369 3684 1499 3732 vocantem
1510 3681 1650 3743 audiverit,

959 3780 1047 3817 rursus
1056 3765 1236 3818 studiosissime
1245 3766 1314 3817 dicta
1325 3767 1429 3832 prolert.

956 3851 1006 3902 Sed
1018 3850 1080 3915 quid
1088 3849 1194 3914 prodest
1211 3850 1266 3902 baec
1278 3864 1422 3916 percensere
1433 3854 1546 3916 singula?
1640 3854 1741 3919 [qiuari.

959 3942 1098 3989 Honorem
1112 3952 1192 4002 neque
1210 3938 1293 3988 videre
1307 3953 1407 4003 possum
1427 3939 1570 4001 erlversam,
1584 3955 1665 4006 neque
1679 3943 1737 3991 inta-

956 4028 1141 4091 Qualceumquc
1152 4030 1180 4078 iu
1197 4027 1289 4078 dixeris
1298 4029 1414 4090 uerbum,
1432 4029 1480 4080 tale
1490 4031 1616 4082 exaudies.

1660 4197 1725 4205 -.--.

1186 4303 1243 4350 382.
1259 4318 1339 4350 censo
1358 4319 1510 4359 nonsarcus,

1100 4407 1130 4458 dc
1142 4409 1170 4458 iis
1182 4408 1266 4477 quibus
1274 4412 1358 4479 primis
1368 4410 1452 4460 audita
1465 4425 1500 4460 est
1515 4412 1589 4462 nelo.

950 4525 1096 4590 Magnanimi
1105 4543 1217 4594 proceres
1226 4531 1348 4590 Danebm,
1358 4529 1477 4579 Mauortia
1487 4531 1567 4592 corda,

949 4611 1005 4657 Fert
1016 4609 1122 4670 animus,
1133 4626 1174 4659 seu
1189 4627 1244 4660 vera
1255 4611 1354 4675 cadent,
1364 4627 1406 4661 seu
1417 4610 1490 4673 falsa,
1501 4613 1590 4678 pronai
1603 4631 1611 4666 ε

948 4693 1015 4738 Rure
1029 4691 1074 4740 sub
1086 4701 1207 4755 extremo,
1219 4708 1266 4758 qua
1278 4693 1354 4742 multa
1367 4693 1488 4743 attollitur
1497 4694 1568 4743 arbos

948 4771 1051 4822 Pulchra
1064 4789 1156 4833 comas,
1166 4773 1261 4824 habitat
1275 4773 1376 4824 facundo
1390 4776 1490 4825 numine
1502 4777 1575 4838 Dim,

947 4855 1052 4917 Divane,
1063 4873 1094 4906 an
1104 4855 1202 4908 humaui
1211 4859 1432 4923 generisiclamore
1445 4870 1543 4909 vocatur
1555 4877 1562 4911 ι

947 4939 1015 4988 Illius
1025 4941 1044 4989 si
1055 4941 1117 4990 forte
1129 4959 1200 4991 sonus
1210 4952 1321 5007 portetur
1332 4944 1362 4992 ad
1375 4960 1460 5006 aures,

946 5025 998 5085 Ipsa
1008 5021 1083 5072 refert
1095 5039 1164 5072 voces
1178 5025 1307 5090 auditaque
1321 5025 1394 5075 rerba
1408 5025 1511 5092 reponit.

944 5103 1039 5166 Singula
1048 5105 1107 5170 quid
1120 5107 1217 5171 prodest
1230 5123 1341 5158 sermone
1355 5110 1465 5159 euoluere
1479 5110 1567 5176 longo?

945 5188 1022 5250 ipsam
1036 5202 1084 5236 non
1099 5188 1173 5238 oculis
1184 5205 1351 5255 possum,non
1366 5202 1446 5241 mente
1460 5193 1531 5244 tueri.

944 5269 988 5318 Dic
998 5271 1165 5338 quodcumque
1176 5272 1235 5324 velia
1248 5289 1255 5324 ι
1266 5275 1405 5325 tantundem
1416 5275 1499 5325 audire
1508 5277 1600 5328 licebit.
