3746 5910
439 406 563 466 CAPUT
583 406 619 464 X.
642 403 923 466 EPIGRAMMATA
944 402 1255 464 Exiioitrauotun.

315 543 359 594 63.
378 545 438 589 ΤΟΥ
455 545 561 592 ΑΥΤΟΥ.

70 653 195 748 Μηθέποτε
206 672 286 744 ζήσας
298 674 312 729 ὃ
322 669 403 742 πένης
417 670 508 752 βροτὸς
522 671 575 729 οὐδ’
588 670 762 742 ἀποθνήσκει·

101 763 140 822 καὶ
149 765 191 842 ζῇν
204 759 253 840 γάρ
267 757 376 834 δοκέων,
388 763 424 827 ὡς
436 759 509 828 νέκυς
524 751 555 831 ἦν
569 761 584 818 θ
596 761 687 826 τάλας.

848 730 853 778 Ι

1593 403 1651 461 uua

1158 555 1197 602 aa.
1220 560 1369 602 crusnam.

873 687 1002 748 Nunquam
1013 683 1075 733 vixit
1086 695 1179 746 pauper
1191 681 1316 738 mortalis.
1333 693 1413 744 nequa
1428 679 1544 736 moritur,

904 777 993 827 etenim
1009 774 1093 824 virere
1105 772 1332 838 quum-videretur,
1345 775 1374 822 ut
1388 770 1493 822 cadaver
1504 773 1557 822 erat
1570 770 1653 820 miser.

69 854 98 914 ut
114 852 138 910 ii
156 850 233 928 τύχας
246 849 363 927 μεγάλας
376 849 423 907 καί
446 847 575 928 χρήματα
590 848 676 907 πολλάι
689 849 827 928 λαχόντες,
873 863 922 923 Qui
934 877 993 914 nero
1007 864 1118 912 iomunas
1131 873 1233 924 magnas
1242 864 1268 911 et
1280 859 1380 911 divitias
1393 860 1485 910 multas
1498 858 1654 917 sortitiaunt,

102 931 164 1000 οθτοι
174 938 217 996 τόν
232 937 343 996 θάνατον
355 938 457 996 πτῶσιν
469 937 560 1016 έχουσι
577 935 643 1015 βίου.

171 1091 217 1140 ιι.
240 1057 404 1140 nraaror
426 1079 707 1140 exonnnrrnor.

66 1215 96 1284 'tl
111 1223 140 1302 ριί
153 1243 180 1297 γε
194 1223 243 1279 τοῦ
257 1218 287 1276 τὸ
301 1217 429 1299 φρύαγμα
440 1217 471 1278 τθ
484 1217 603 1292 πηλίκους
619 1221 642 1278 oi
654 1217 682 1278 δέ
694 1223 814 1301 περισσοὶ

97 1315 130 1378 πῆ
143 1309 202 1367 itan
217 1306 337 1386 ίξαίρνης
352 1306 493 1386 άγχίποραι
508 1306 633 1380 κόλακεςς

64 1401 101 1456 νῦν
112 1396 158 1475 γάρ
172 1395 230 1462 έκθς
244 1395 349 1460 πτολιος
361 1393 445 1474 φυγάς
457 1393 540 1472 ᾤχεο·
552 1402 605 1461 τοῖς
621 1393 746 1474 πρότερον
762 1395 788 1453 δὲ

96 1487 198 1562 οἰκτροῖς
212 1484 260 1553 τὴν
275 1481 345 1542 κατὰ
362 1488 408 1541 σοῦ
423 1486 509 1564 ψῆφον
522 1482 603 1542 ἔδωκε
617 1484 705 1561 Τύχη.

64 1573 144 1643 Πολλοί
157 1595 210 1644 σοι,
223 1570 365 1650 κλυτοεργὲ
379 1570 471 1648 Τύχη,
483 1569 576 1650 χάρις,
592 1568 679 1649 οὕνεχ’
692 1570 789 1648 ὁμοίως

96 1661 186 1728 πάντας
200 1660 241 1719 ἀεὶ
255 1659 373 1736 παίζεις,
388 1657 486 1718 κιίαέτι
501 1660 659 1740 τερπόμεθα.

308 1811 356 1862 65.
377 1803 569 1862 nannius.

61 1949 137 2010 litat<
149 1942 275 2024 οραλιρθς
285 1942 315 2000 τό
330 1946 385 2022 ζῇν·
397 1942 583 2021 χειμαζόμενοι
595 1941 645 2020 γάρ
659 1943 684 1999 ἐν
699 1941 769 2021 αὐτῷ

93 2033 199 2093 πολλάκι
211 2036 335 2110 ναυηγῶν
350 2031 479 2107 πταίομεν
490 2029 654 2110 οἰκτρότερα.

59 2122 107 2189 Τὴν
117 2120 143 2179 δὲ
154 2119 246 2198 Τύχην
263 2118 360 2196 βιότοιο
371 2117 574 2198 κυόερνητειραν
587 2118 707 2197 ἔχοντες,

7 2217 9 2268 ἑ
93 2211 123 2275 όις
136 2207 176 2267 ι’πλ
192 2211 239 2266 τοῦ
256 2208 399 2283 πελάγους,
411 2205 554 2288 άμρίόολοι
568 2207 691 2284 πλέομεν,

7 2297 8 2354 ἶ
59 2299 78 2355 oi
90 2295 131 2376 pir
143 2295 184 2354 ια’
196 2289 333 2367 εὐπλοίην,
345 2299 368 2354 oi
383 2293 405 2353 δ’
416 2293 540 2372 ἔμπαλιν·
555 2296 614 2353 ἀλλ’
627 2295 684 2365 άμα
695 2294 790 2359 πάντες

7 2407 9 2438 r
93 2386 124 2450 εἷς
141 2382 184 2441 ἕνα
198 2383 241 2442 τὸν
256 2384 327 2442 κατά
341 2385 390 2461 γῆς
404 2381 485 2466 ὅρμον
500 2383 680 2462 ἀπερχόμεθα.

206 2536 256 2590 66.
281 2525 452 2586 ΑΓΛΘΙΟΥ
475 2525 666 2585 ΣΧΟΛΑΣΤ.

61 2653 118 2723 ilci
133 2687 169 2730 τις
182 2664 211 2721 ἐκ
223 2661 317 2731 πενίης
331 2660 443 2720 πλοότου
456 2661 533 2738 τύχοι
544 2657 591 2731 ἡδί
604 2659 649 2718 καὶ
662 2661 760 2739 ἀρχῆς,

91 2751 170 2810 οὐκέτι
183 2750 322 2830 γινώσκει,
331 2750 371 2815 τίς
383 2751 446 2808 πέλε
461 2749 492 2810 τὸ
502 2749 639 2828 πρότερον.

58 2842 106 2910 Τὴν
118 2841 178 2901 ποτὲ
188 2843 242 2922 γὰρ
253 2841 343 2921 φιλίην
359 2840 548 2899 ἀπαναίνεται·
563 2839 694 2920 ἀρρονέων
709 2835 736 2896 δὲ

92 2933 175 3012 τέρψιν
190 2933 334 3013 όλισθηρῆς
350 2932 379 2989 οὖ
395 2929 507 3002 δεδάηκε
522 2928 624 3008 Τύχης.

58 3009 101 3086 Ἧι
115 3045 174 3081 ποτε
188 3019 239 3100 γάρ
252 3019 360 3098 πτωχός
374 3017 556 3099 ταλαπείριος·
572 3019 617 3075 οὐκ
633 3014 728 3081 ἐθέλεις
742 3013 785 3086 δὲ,

91 3112 188 3179 αἰτίζων
201 3109 330 3179 ἀκόλους,
344 3112 391 3165 νῦν
404 3105 500 3185 ἑτέροις
512 3104 648 3185 παρέχειν.

58 3200 153 3271 Πάντα,
165 3197 253 3279 ρίλος,
266 3194 413 3275 μερόπεσσι
427 3191 590 3272 παρέρχεται
599 3215 605 3228 ·
615 3194 638 3249 εἴ
648 3191 670 3250 θ’
681 3189 827 3263 ἀπιθήσεις,

90 3288 198 3364 ίμπαλιν
214 3285 324 3353 αἰτίζων
337 3282 460 3362 μάρτυρα
474 3281 568 3340 σαυτόν
584 3279 663 3360 ἔχοις.

177 3438 225 3488 67.
250 3422 508 3485 ΜΑΚΗΔΟΝΙΟΥ
528 3421 636 3481 ΥΠΑΤ
638 3420 698 3481 ΟΥ.

57 3569 148 3645 Μνάμη
159 3567 204 3626 καλ
219 3565 313 3639 Λήθη,
327 3563 396 3644 μέγα
410 3562 540 3642 χαίρετον·
555 3567 572 3634 ἡ
589 3561 636 3636 μὲν
653 3563 693 3619 ἐπ’
709 3559 792 3639 ἔργοις

90 3657 183 3726 Μονίμη
197 3659 253 3722 τοῖς
268 3656 395 3727 ἀγαθοῖς,
411 3657 427 3722 ἡ
441 3653 475 3718 θ’,
488 3651 530 3709 ieri
542 3649 701 3726 λευγαλέοις.

58 3766 621 3786 ρι’-*μ

356 3822 399 3870 63.
417 3835 534 3868 nusum.

56 3949 102 3995 lion
114 3945 214 3994 moritur
224 3944 263 3993 nir
272 3957 343 4008 egens
353 3977 360 4002 ,
371 3940 438 3990 nullo
451 3939 492 4005 qui
502 3948 612 4004 tempore
623 3938 691 3994 vixit,

82 4031 185 4094 Cumque
197 4027 244 4077 init
257 4026 322 4074 visus
331 4023 425 4079 virere,
438 4021 509 4071 iunus
521 4029 581 4072 crat.
660 4051 669 4074 .

56 4115 84 4160 λι
92 4111 130 4177 qui
141 4111 231 4162 divitiis
240 4120 267 4160 et
278 4107 355 4158 amica
367 4116 431 4157 sorte
443 4105 566 4166 fruuntur,

82 4197 173 4247 Talibus
186 4196 212 4246 in
226 4179 335 4245 mortem
347 4191 397 4242 rita
409 4199 505 4257 peracta
517 4189 589 4239 cadit.

278 4317 321 4371 64.
340 4329 455 4362 nonum
471 4326 599 4360 onerosis.

256 4423 282 4471 in
295 4417 423 4470 Praesident
437 4419 478 4486 ριιὶ
488 4416 619 4466 exciderat.

57 4533 118 4581 Nune
127 4530 167 4580 ubi
178 4531 217 4580 dic
230 4539 273 4580 tua
284 4537 351 4578 tanta
362 4525 488 4592 superbia,
500 4538 580 4588 quone
592 4529 691 4586 repento

84 4614 148 4678 lingit
157 4611 252 4662 adulari
266 4621 317 4660 tam
331 4609 393 4661 bene
404 4609 475 4657 docta
488 4604 593 4655 cohors?

57 4697 119 4746 ment
129 4697 203 4746 abest
218 4695 321 4746 miseros
332 4709 392 4760 quos
406 4691 440 4740 ris
452 4701 493 4742 tua
507 4689 609 4749 iecerat,
622 4687 669 4737 illis

85 4783 123 4830 lus
134 4780 228 4829 torinna
243 4777 280 4828 tui
291 4775 456 4842 judiciumque
469 4773 542 4823 dedit.

57 4864 130 4912 Gratia
142 4877 224 4926 magna
237 4870 325 4928 potens
338 4858 384 4908 tibi
396 4858 441 4920 sit,
456 4861 573 4914 Fortuna,
587 4853 652 4919 quod
663 4855 751 4903 omnes'

85 4945 169 5006 Ludis,
182 4953 251 4996 etex
267 4953 292 4992 te
304 4957 348 4991 nos
361 4940 424 5006 quod
436 4939 504 5004 juret
517 4953 567 4986 esse
579 4936 646 4986 iacis.

350 5043 392 5091 65.
412 5056 536 5088 relatore.

64 5146 176 5213 ervigium
189 5145 240 5195 rita
252 5152 291 5194 est
301 5159 354 5208 qua·
365 5139 549 5207 tempestatibus
560 5146 625 5187 actos

89 5231 210 5295 liauingio
222 5228 290 5293 cogit
300 5243 348 5277 non
357 5225 448 5276 leuiora
461 5224 519 5291 pati.

904 951 930 1000 iri
940 952 1046 1000 mortem
1060 948 1158 998 ruinam
1172 948 1264 998 liabent
1276 947 1344 998 ritae.

1043 1067 1081 1142 ιι.
1099 1092 1249 1141 nonnulle
1266 1091 1478 1138 senonasrrcr.

872 1233 978 1283 Ubinam
988 1245 1044 1296 ergo
1054 1232 1089 1281 cst
1102 1231 1217 1282 tremitur
1228 1233 1326 1282 tantus?
1339 1233 1365 1280 ct
1377 1228 1498 1280 innumeri

903 1334 954 1385 quo
963 1319 1078 1372 abierant
1088 1318 1172 1370 subito
1181 1318 1430 1382 latua-tibi-tagentes
1439 1317 1591 1367 adulatores?

873 1411 942 1459 Nunc
955 1409 1022 1458 enim
1032 1407 1118 1471 procul
1129 1406 1236 1458 ah-urne
1249 1406 1365 1470 prodigus
1377 1403 1458 1455 abiisti
1465 1423 1473 1468 ς
1484 1405 1532 1456 illis
1546 1418 1605 1454 rero
1614 1405 1656 1466 qui

904 1493 1087 1553 miseri-erant,
1098 1496 1183 1544 contra
1195 1495 1221 1542 te
1231 1492 1353 1542 calculum
1366 1491 1435 1542 dedit
1446 1494 1562 1542 Fortuna.
1580 1489 1657 1554 [prins

873 1579 1657 1646 liultaetibi,inolyta-oparihusFortuna‚gratea‚quoniamoeqre

904 1671 1008 1718 cunctos
1019 1681 1097 1732 usqua
1105 1667 1216 1728 deludis,
1230 1669 1256 1718 et
1266 1666 1348 1718 adhuc
1361 1680 1390 1716 co
1404 1667 1464 1717 tusa
1476 1666 1635 1718 oblectemur.

1159 1816 1198 1860 65.
1217 1811 1378 1859 PALLADAE.

873 1954 998 2018 Navigatio
1010 1954 1146 2018 periculosa
1157 1958 1194 2004 est
1202 1954 1255 2004 rita
1266 1975 1272 2004 ι
1283 1953 1370 2016 iactati
1379 1954 1444 2004 enim
1454 1953 1480 2002 io
1490 1953 1531 2002 ilia

905 2056 971 2106 sape
984 2043 1110 2106 naufragis
1124 2041 1274 2093 ostendimus
1285 2041 1459 2093 miserabilius.

874 2132 1005 2180 Fortunam
1016 2133 1100 2181 autern
1109 2130 1167 2180 ritae
1177 2130 1371 2195 gubernatricem
1386 2129 1519 2190 habentos,

905 2221 935 2268 ot
948 2217 972 2267 in
984 2218 1083 2282 pelago.
1096 2218 1183 2269 incerti
1192 2219 1350 2284 navigamus,
1477 2218 1561 2282 [simul
1572 2231 1657 2268 omnes

875 2306 900 2356 iri
914 2306 1014 2369 quidam
1034 2306 1060 2356 in
1078 2307 1317 2368 inustum-cursum,
1335 2307 1370 2358 ilii
1387 2310 1470 2357 autem
1487 2309 1570 2358 contra
1588 2327 1594 2356 :
1613 2307 1656 2356 aad

905 2394 1018 2444 inunum
1030 2393 1217 2444 subterraneum
1229 2397 1328 2458 portum
1340 2392 1527 2457 proficiscamur.

1046 2541 1085 2586 dd.
1104 2537 1255 2586 aGATfflAE
1275 2536 1487 2585 senonasiicn

874 2673 1065 2733 Quando-semel
1081 2674 1137 2738 quis
1149 2688 1164 2724 e
1177 2675 1321 2738 paupertate
1335 2672 1434 2723 divitias
1451 2675 1603 2733 nactus-est,
1619 2673 1658 2721 roi

903 2776 953 2812 non
960 2763 1066 2827 amplius
1075 2763 1208 2825 novitquis
1219 2761 1294 2812 tuerit
1301 2761 1377 2826 prius.
1387 2760 1470 2826 [etiam
1478 2761 1658 2824 magistratum,

875 2851 1006 2902 pristinam
1017 2851 1083 2901 enim
1096 2851 1229 2900 amicitiam
1243 2850 1385 2908 renunciat3
1397 2849 1440 2900 sad
1449 2848 1571 2912 desipiens

905 2939 992 2988 ludum
1003 2939 1104 2990 lubricae
1115 2954 1163 2990 non
1173 2939 1260 2991 didicit
1271 2943 1394 2990 Fortrurae.

877 3030 935 3076 liras
946 3027 1012 3078 enim
1027 3028 1085 3078 olim
1100 3028 1229 3079 mendicus
1244 3041 1420 3079 aerumnosus:
1436 3041 1486 3077 non
1498 3027 1538 3077 ria
1548 3027 1643 3086 auum,

905 3115 1122 3179 qui-emendicasti
1135 3130 1231 3178 escam,
1244 3130 1310 3167 nunno
1321 3130 1404 3168 escam
1415 3117 1506 3166 ceteris
1517 3114 1635 3179 praehere.

875 3203 979 3265 omnia,
994 3205 1084 3266 amice,
1096 3204 1244 3255 mortalibus
1260 3207 1410 3268 praetereunt
1426 3221 1433 3253 ι
1446 3205 1526 3254 sinon
1538 3203 1637 3258 credes.

906 3306 991 3344 rursus
1005 3293 1148 3344 mendicans
1160 3297 1250 3344 testem
1262 3293 1380 3356 teipsum
1391 3291 1496 3344 habeas!

1060 3442 1099 3487 6Ι.
1117 3437 1296 3486 Macauonll
1313 3436 1472 3486 CONSULIS.

875 3578 993 3630 Memoria
999 3581 1025 3628 et
1031 3576 1137 3640 Oblivio,
1145 3590 1261 3641 magnum
1269 3577 1362 3628 salvete
1371 3594 1377 3625 ι
1386 3576 1429 3626 illa
1438 3575 1538 3639 quidem
1545 3575 1568 3624 in
1578 3574 1659 3636 rebus,

905 3667 1037 3724 Memoria,
1049 3667 1132 3724 ionis,
1143 3666 1197 3716 lato
1210 3679 1283 3721 narn,
1294 3665 1317 3714 in
1332 3665 1412 3713 malis.

1538 3761 1651 3777 --nd

852 3829 856 3928 γ
877 3829 983 3875 Fortuna
996 3828 1090 3876 clarum
1103 3826 1243 3876 moderante
1255 3825 1369 3876 volubilis
1380 3827 1437 3884 ιυνι,

853 3931 856 4010 γ
911 3912 1035 3971 Erramus,
1049 3908 1123 3958 veluti
1138 3923 1182 3974 per
1193 3907 1253 3956 rada
1266 3903 1331 3956 νόοιο
1346 3907 1427 3959 maris.

878 3997 944 4044 Aura
957 3991 1037 4042 sarens
1049 3991 1117 4054 aliis,
1128 3991 1181 4042 aliis
1193 3990 1314 4040 contraria
1327 4003 1334 4038 ε
1347 3999 1431 4055 portus

911 4079 980 4124 Unus
990 4075 1037 4124 erit
1051 4073 1143 4123 cunctis
1155 4073 1262 4146 denique
1273 4071 1357 4120 subter
1371 4070 1481 4120 lrnnnnn.

853 4149 861 4312 ἱ
1111 4194 1152 4242 66.
1170 4207 1284 4239 conrnune
1299 4205 1428 4237 cannonis.

879 4305 940 4352 Cum
951 4300 992 4367 qui
1009 4317 1101 4368 pauper
1112 4310 1179 4361 erat,
1193 4314 1304 4348 nummos
1315 4297 1396 4364 prius,
1410 4296 1466 4345 inde
1477 4313 1585 4358 secares,

913 4386 1003 4433 Nactus
1017 4381 1091 4432 habet
1101 4418 1108 4442 ‚
1118 4397 1168 4430 non
1181 4381 1233 4430 ruit
1246 4397 1314 4429 nosse
1324 4379 1388 4444 quod
1399 4386 1454 4427 ante
1466 4378 1522 4429 init.

855 4469 858 4526 ζ
878 4465 975 4532 Spernit
984 4463 1101 4514 amicitias
1113 4474 1221 4523 ueteres,
1236 4462 1358 4530 nescitque
1370 4461 1505 4529 superbus,

855 4531 858 4554 ¹
912 4552 991 4612 Quam
1003 4551 1110 4596 Fortuna
1123 4545 1181 4595 ieris
1194 4544 1277 4594 ludere
1285 4559 1380 4610 semper
1389 4553 1462 4593 amet.

878 4637 915 4682 Τυ
927 4633 1047 4697 quondam
1059 4631 1182 4681 mendicus
1193 4646 1260 4692 eras,
1273 4627 1314 4694 qui
1326 4627 1400 4677 irusta
1414 4627 1508 4677 solebas

912 4719 1026 4776 Poscere,
1041 4730 1105 4764 nunc
1114 4713 1167 4763 aliia
1179 4712 1264 4762 abnuis
1278 4710 1411 4760 accedere.

856 4807 859 4871 γ
880 4802 928 4847 lies
939 4797 1063 4849 hominum
1074 4796 1144 4847 iluna
1158 4812 1164 4848 :
1175 4797 1194 4846 ai
1205 4812 1253 4845 non
1264 4795 1298 4843 ris
1308 4793 1419 4851 credere.
1433 4808 1513 4842 narsus

856 4881 859 4914 ¹
913 4882 1055 4932 Merndicaos
1067 4882 1133 4931 testis
1144 4879 1176 4930 sis
1186 4895 1274 4946 precor
1285 4879 1335 4944 ipse
1348 4876 1402 4927 tibi.

856 4917 860 4956 l

856 4959 859 4994 ι

857 4995 861 5130 ι
1102 5014 1143 5071 67.
1162 5022 1301 5057 unaucurt
1319 5021 1439 5088 consume.

882 5133 953 5180 Mens
964 5129 1040 5178 oblita
1050 5127 1207 5194 jurat‚jurat
1219 5132 1245 5174 et
1256 5139 1356 5181 memor,
1370 5122 1421 5172 bec
1433 5122 1488 5187 qnia
1501 5129 1580 5171 serrat
1646 5119 1650 5126 '

857 5233 861 5267 ι
915 5213 992 5263 Dulce
1004 5212 1068 5278 quod
1080 5207 1287 5272 est,contratriate
1299 5206 1363 5273 quod
1372 5204 1414 5255 illa
1424 5203 1497 5269 iugar.
