3774 5914
437 424 562 485 chnut·
580 422 630 484 IX.
654 426 936 488 EPIGRAMMATA
957 427 1294 490 DEMONSTRATIVA.
1610 436 1661 494 tut

74 553 344 621 trememtem
357 555 410 614 τόδ’
422 555 477 636 ἔχει
490 557 580 636 γέρας
594 557 740 616 ἑπτάπυλοι
755 558 781 618 δὲ
886 569 957 619 Seius
965 572 1047 620 autem
1053 573 1195 622 Graecorum
1201 572 1247 622 hoe
1253 570 1328 624 habet
1334 574 1669 640 premiummeseptemuor·

107 641 195 714 θῆόαι
208 643 254 701 καὶ
271 641 384 723 γενέτωρ
400 643 515 724 ἐστέφεθ
530 644 728 725 Ἑρμοκράτης.

336 784 399 835 589.
418 788 557 836 ΑΔΗΔΟΝ.

170 891 211 947 Εἷς
219 891 313 954 ἄγαλμα
322 893 397 957 Ἥρας
407 893 550 951 θηλαζοόοης
559 892 599 942 τόν
609 893 734 958 Ἡρακλέα.

71 1012 150 1084 ‚turis
165 1011 294 1093 μητρυιὴν
308 1012 470 1092 τεχνήσατο·
483 1009 592 1072 τοῦνικοι
608 1011 690 1090 μαζὸν

105 1107 138 1170 εἰς
149 1103 222 1162 νόθον
237 1107 251 1162 ό
265 1101 385 1174 πλάστης
398 1104 427 1161 οὐ
441 1100 588 1180 προσέθηκε
602 1102 683 1182 γάλα.

318 1245 402 1301 590.
422 1245 563 1295 hannon.

132 1359 168 1412 Εἰς
178 1356 274 1419 ἄγαλμα
282 1355 415 1419 Ἡφαίστου
427 1357 466 1406 καὶ
478 1358 572 1417 Ἀθηνᾶς
585 1359 626 1408 καὶ
635 1357 772 1422 Ἐρεχθέως.

917 656 1020 718 Thebae,
1031 662 1057 709 et
1070 673 1156 723 parens
1166 661 1327 710 coronabatur
1335 664 1515 712 iterrnocrates.
1581 663 1669 727 [tarum

1166 803 1220 850 589·
1243 812 1382 855 tncttttut.

1026 912 1053 956 in
1064 915 1161 956 statuam
1173 913 1271 958 sunonis
1280 913 1384 959 ineuntis
1393 911 1522 962 Herculem.

889 1023 961 1073 Plane
973 1037 1102 1076 novercam
1114 1023 1211 1075 effinxit
1224 1042 1230 1074 :
1244 1025 1301 1076 ideo
1314 1040 1447 1078 mammam

918 1111 943 1161 in
955 1112 1063 1178 spuriam
1075 1113 1184 1177 sculptor
1191 1127 1239 1164 non
1253 1114 1340 1165 indidit
1352 1115 1399 1167 iac.

1167 1249 1221 1296 590.
1247 1257 1387 1299 ructent.

989 1363 1017 1400 tn
1026 1359 1123 1402 statuam
1134 1357 1227 1402 vulcani
1236 1391 1242 1412 ,
1252 1361 1276 1403 et
1287 1359 1401 1412 ttinerea,
1414 1364 1438 1404 et
1447 1359 1575 1406 Erechthei.

69 1513 79 1533 .
94 1481 127 1543 Ἡ
144 1481 223 1561 τέχνη
238 1481 388 1560 συνάγειρεν
408 1479 425 1537 ἃ
439 1479 476 1557 μὴ
492 1479 567 1560 φύσις
580 1511 590 1532 ι
603 1471 674 1538 εἶπεν
689 1483 703 1538 ὁ
721 1479 849 1556 πλάστης,
888 1501 900 1524 ιι
913 1484 960 1530 Ars
968 1481 1093 1546 eonjunxit
1104 1496 1161 1546 quae
1170 1496 1218 1532 non
1230 1485 1317 1533 natura
1328 1505 1354 1544 υ,
1367 1483 1427 1534 dixit
1437 1483 1559 1548 sculptor:

104 1596 116 1623 ι
131 1573 213 1650 μῆτερ
226 1567 303 1647 νόσφι
316 1567 412 1641 τόκων,
425 1568 520 1647 νυμφίε
531 1568 607 1649 νόσφι
617 1567 723 1645 γάμων.
741 1595 753 1620 ν

341 1719 390 1770 591
397 1749 405 1766 ·
422 1720 550 1766 ΑΔΕΔΟΝ
554 1752 560 1769 ι

221 1821 263 1876 Εἷς
274 1818 371 1882 ἄγαλμα
379 1820 459 1884 Ἄρεος
468 1821 510 1869 καὶ
521 1817 658 1884 Αφροδίτηι.

66 1944 135 2023 Ἄρεα
146 1943 190 2002 καὶ
204 1941 314 2024 Παρίην
327 1946 341 2000 ό
355 1942 488 2024 ζωγράφος
503 1945 539 2008 εἶς
554 1943 633 2018 μέσον
648 1941 720 2002 οἴκου

1 2053 2 2064 ²
100 2029 343 2111 άμφιπεριπλέγδην
355 2032 484 2110 γέγραφεν
496 2032 671 2111 ἀμφοτέρους·

1 2156 2 2182 ;
65 2120 90 2174 ἐκ
102 2119 197 2197 θυρίδος
209 2117 237 2176 δὲ
249 2116 339 2194 μολὼν
353 2119 467 2178 Φαέθων
483 2121 678 2200 τολυπόμφοιος
693 2117 772 2198 αἴγλῃ

1 2225 2 2278 3
99 2204 156 2278 ἔστη
170 2205 334 2283 άμηχανόοιν
347 2205 510 2288 ἀμφοτέρους
525 2207 654 2270 σκοπέων.

1 2297 2 2352 i
66 2294 159 2358 Ἠόλιος
173 2293 322 2371 βαρύμηνις
334 2292 382 2360 ἕως
394 2292 479 2366 τόνοςς
492 2295 546 2353 οὐδ’
560 2295 603 2353 ἐπὶ
615 2299 699 2373 κηροῖ

1 2399 2 2420 ¹
98 2383 184 2453 ἤθελεν
200 2380 307 2461 ἀψύχου
320 2383 364 2441 τὸν
376 2381 455 2461 χόλον
469 2383 598 2450 ἐξελάσαι.

341 2523 404 2576 592.
425 2527 566 2576 AAHAON.

133 2628 171 2684 Εἰς
180 2627 271 2678 ἀσπίδα
281 2627 437 2690 περιέχουσαν
448 2629 489 2685 τήν
499 2627 581 2688 γένναν
591 2632 634 2677 τοῦ
644 2630 759 2692 Σωτῆρος.

65 2749 96 2809 Ὦ
107 2750 182 2808 πόσον
194 2749 292 2821 εὐήθης
304 2753 318 2806 ό
330 2748 481 2828 ζωγράφος,
495 2748 551 2809 ὅττι
562 2751 693 2832 χαράσσει

98 2837 213 2919 κοίρανον
226 2837 334 2918 εἰρήνης
350 2837 441 2895 α’σπόδι
453 2838 616 2917 τικτόμενον.

341 2980 404 3032 593.
425 2981 566 3030 hennon.

311 3082 352 3137 Εἰς
362 3081 458 3144 ἄγαλμα
470 3081 584 3140 Μηδείας.

67 3194 150 3267 Οἶκτον
163 3210 228 3284 ὁμοῦ
241 3206 290 3265 κοιλ
304 3205 405 3265 λόσσσν
420 3205 551 3284 ἐτήτυμον
566 3205 649 3273 ἔνθεος
660 3206 726 3285 ἀνὴρ

1 3313 6 3383 ’1
68 3296 186 3375 μαρμάρῳ
200 3293 374 3372 ἐγκατέμιξι,
390 3294 548 3373 βιαζομένην
564 3295 586 3352 δ’
600 3293 651 3352 ὑπὸ
665 3292 759 3373 τέχνης

66 3383 157 3455 λαῖνέην
172 3383 294 3453 Μήδειαν
309 3379 372 3453 ὅλης
386 3380 498 3458 ἔμνησιν
511 3381 594 3452 ἀνίης.

338 3527 402 3577 594.
422 3530 559 3576 ΑΔΗΔΟΝ.

67 3649 180 3727 Ζωγράφι
194 3647 241 3705 τθιν
259 3648 362 3730 μορφὰν
376 3649 532 3724 άπομάξας,
548 3649 598 3708 αἴθ’
610 3649 647 3709 ἐνὶ
662 3655 737 3731 κηρῷ

67 3819 123 3866 Nutu
136 3827 214 3867 tantus
227 3818 308 3868 honos
322 3821 415 3868 Graeco.
452 3821 561 3868 Gaudete
575 3822 670 3868 coronis

95 3899 230 3951 amemus
243 3901 328 3964 altrix,
341 3911 366 3951 et
379 3910 448 3968 pater
460 3905 639 3954 iiermoemtes.

352 4019 411 4082 5⁸9.
430 4033 541 4069 τινοιιτι.

171 4124 207 4169 De
220 4119 330 4188 imagine
347 4120 450 4170 Iunonis
462 4117 589 4170 Herculem
601 4119 723 4174 luctantis.

69 4219 137 4272 Ubera
146 4221 205 4273 aima
217 4223 293 4275 rides.
329 4227 375 4274 Ars
388 4232 425 4273 est
439 4223 532 4274 imitata
547 4240 693 4288 nouercam,

95 4311 167 4376 Atque
180 4310 233 4361 ideo
247 4326 380 4372 mammas,
392 4309 498 4360 eadsine
511 4311 589 4373 laete,
601 4311 676 4364 dedit.

349 4413 407 4475 590.
431 4427 543 4462 racem.

234 4517 271 4563 De
286 4511 392 4579 imagine
404 4512 519 4572 Vulcani,
534 4510 645 4561 Minervae

354 4606 376 4644 et
390 4594 541 4647 Erechtheus.

72 4693 161 4744 virsine
171 4695 295 4762 conjugio,
307 4711 477 4763 nunquamque
489 4713 609 4764 puerpera
621 4705 705 4758 mater,

98 4781 242 4840 Quenamra
251 4778 350 4845 nequit,
365 4779 442 4844 plasta
456 4779 507 4840 ait,
520 4795 558 4828 ars
572 4779 657 4830 sociat.

354 4878 411 4941 591.
430 4893 542 4926 rucrnrr.

245 4979 282 5023 De
293 4974 397 5041 imagine
408 4974 495 5024 Martis
504 4986 527 5023 et
541 4977 647 5025 Veneris.

75 5070 122 5117 time
134 5070 201 5121 domu
214 5072 293 5122 media
306 5088 351 5137 per
363 5073 452 5122 amoris
464 5072 544 5122 vincia
558 5073 624 5138 ligati

102 5151 190 5204 nemus
198 5157 296 5205 Mavors
304 5165 329 5205 et
337 5158 419 5204 Venus
430 5156 579 5221 artejaeent.

77 5234 148 5284 omitia
159 5237 199 5301 qni
212 5237 298 5287 imtrat
310 5239 350 5288 Sol
364 5237 426 5288 iorte
437 5246 534 5304 patente
547 5237 650 5288 fenestra

919 1589 932 1614 a
947 1572 968 1619 0
979 1572 1059 1621 mater
1067 1570 1119 1622 sine
1129 1571 1225 1632 liberis,
1239 1585 1255 1621 ο
1267 1585 1355 1635 sponse
1371 1572 1422 1623 sine
1434 1573 1533 1637 nuptiis.
1543 1594 1555 1616 ν

1166 1717 1222 1764 591.
1247 1725 1388 1767 tribunat.

1081 1830 1108 1872 ln
1119 1827 1240 1884 imaginem
1253 1825 1329 1872 ttartts
1337 1829 1360 1872 et
1371 1827 1470 1872 veneris.

886 1955 989 2003 ornum
1001 1955 1026 2003 et
1037 1952 1153 2016 Paphiam
1166 1952 1246 2015 pictor
1254 1951 1279 2000 in
1291 1951 1372 2001 media
1384 1950 1459 2001 domn

916 2040 1252 2104 ineensertiseimoampieru
1264 2039 1343 2104 pinxit
1357 2042 1487 2102 utrosque,

885 2142 899 2180 e
909 2130 1016 2180 fenestra
1025 2142 1084 2180 vero
1093 2128 1208 2192 prodiens
1218 2128 1345 2179 Phaethon
1353 2109 1412 2194 (eol)
1421 2126 1586 2181 valde-lucens
1594 2129 1670 2194 spten-

916 2218 987 2269 stetit
999 2218 1173 2282 obstupescens
1185 2219 1303 2281 unusque
1315 2216 1463 2282 adspiciens.
1600 2217 1670 2282 [dore

886 2309 926 2358 Sui
938 2307 1207 2373 grauiter-sueeensens
1220 2311 1365 2372 quousque?
1377 2319 1408 2357 ne
1422 2305 1448 2357 in
1458 2319 1514 2358 uera
1524 2306 1624 2375 quidem

916 2395 996 2447 votuit
1007 2394 1107 2446 inanimi
1121 2395 1181 2445 ham
1194 2393 1321 2460 expellere.

1158 2527 1203 2572 592
1245 2535 1384 2576 rncnnrr.

1012 2640 1038 2681 in
1053 2639 1158 2694 elypeum
1176 2638 1297 2682 habentem
1313 2635 1396 2680 nataha
1407 2633 1535 2678 salvatoris.

885 2763 906 2809 0
920 2772 994 2823 quarn
1007 2759 1137 2824 plumbens
1149 2761 1186 2810 est
1198 2759 1285 2824 pictor,
1296 2758 1354 2822 quia
1363 2762 1523 2824 repraesentat

915 2848 1048 2912 prinoipem
1059 2848 1126 2912 pacis
1139 2847 1258 2912 inelypeo
1270 2850 1421 2898 nascentem.

1164 2985 1219 3032 59³.
1242 2992 1379 3033 taceant.

1151 3095 1177 3136 tn
1193 3095 1291 3138 statuam
1304 3092 1395 3139 uedee.

885 3207 1076 3259 hiiserioordiem
1089 3207 1162 3257 simut
1171 3209 1198 3258 et
1211 3207 1318 3258 iurarem
1330 3220 1417 3257 rerum
1430 3205 1528 3256 divinus
1537 3205 1576 3255 rir

884 3296 1000 3346 marmori
1008 3295 1110 3358 indidit,
1125 3296 1299 3360 subactamque
1312 3295 1342 3346 ab
1354 3299 1406 3345 arte

883 3385 1003 3450 lapideam
1015 3384 1126 3436 Medeam
1138 3384 1212 3438 tutius
1223 3385 1425 3436 memorem-feeit
1440 3384 1539 3434 doloris.

1165 3528 1219 3576 594.
1243 3536 1384 3580 incutiat.

884 3661 905 3707 0
919 3657 1006 3721 pietur,
1021 3658 1125 3707 tonnam
1138 3657 1347 3722 quiexpressieti,
1359 3658 1454 3708 utinam
1466 3671 1528 3708 cerm

921 3825 978 3870 time
991 3820 1073 3882 uidet,
1085 3829 1157 3885 atque
1169 3820 1251 3869 animo
1260 3837 1309 3869 uon
1322 3819 1428 3884 patiente
1443 3819 1517 3870 videt.

885 3907 955 3967 Quo,
965 3904 1021 3964 Sol,
1033 3918 1109 3968 usque
1118 3917 1200 3967 graves
1208 3910 1284 3952 temet
1291 3900 1389 3951 durabis
1399 3901 1425 3950 in
1438 3901 1498 3956 iras,

918 3993 946 4037 ln
957 4003 1023 4038 ceras
1032 3986 1106 4037 etiam
1117 3985 1159 4052 qui
1169 3995 1210 4036 tua
1220 3985 1267 4036 tela
1277 3985 1354 4052 jacis?

1184 4108 1241 4170 59²·
1262 4121 1368 4155 ruerem.

1024 4222 1061 4266 De
1072 4217 1154 4287 cirpea
1162 4215 1263 4267 habeare
1273 4215 1364 4269 Christi
1372 4216 1527 4267 nativitatem.
1561 4183 1565 4191 ·

884 4316 1012 4368 Communi
1022 4333 1091 4368 seusu
1101 4318 1180 4385 pietur
1188 4317 1290 4368 caruisse
1301 4317 1403 4376 videtur,

917 4406 962 4451 Per
974 4417 1044 4468 quem
1056 4417 1099 4452 rex
1108 4399 1173 4469 pacis
1182 4401 1290 4451 nascitur
1299 4400 1324 4450 in
1334 4401 1427 4468 clypeo.

1179 4519 1237 4581 593.
1256 4533 1368 4568 rrcrarr.

1140 4623 1177 4670 Da
1189 4619 1295 4686 imagine
1306 4616 1407 4669 Medeoe.

885 4742 919 4788 En
931 4753 1015 4788 manua
1024 4737 1143 4788 excellens
1151 4736 1178 4787 in
1187 4753 1307 4788 marmore
1316 4737 1411 4787 miscuit
1422 4753 1469 4790 tint

884 4825 943 4872 Cum
954 4822 1042 4887 pietate
1051 4821 1122 4870 simui
1133 4821 1234 4871 rabiem.
1269 4821 1307 4871 Sit
1316 4836 1385 4870 saxee
1395 4820 1518 4886 quamvis.

883 4905 980 4967 Cogitur
990 4903 1101 4969 antiquos
1110 4902 1206 4954 Colchis
1219 4903 1354 4953 meminisse
1363 4903 1466 4954 dolores.

1179 5021 1237 5084 594.
1255 5035 1370 5069 rueram.

1130 5120 1167 5166 De
1181 5117 1288 5166 Socratis
1299 5117 1412 5185 imagine.

854 5185 861 5271 i
882 5237 914 5288 Di
924 5236 1044 5300 iacerent,
1055 5236 1134 5304 pictor
1143 5239 1217 5290 reiuti
1230 5239 1270 5290 dat
1279 5237 1382 5290 Socratis
1391 5254 1446 5294 ora.
