3780 5920
501 442 629 504 CAPUT
649 442 726 504 XVI.
751 439 947 502 APPENDIX
970 436 1189 498 PLANUDEA.

317 579 378 630 ειν.
400 560 551 629 sunnon(

39 706 203 788 Δερκόμενος
218 703 308 774 ξόανον
320 702 401 763 καλόν
415 703 491 780 τόδε,
507 703 555 763 τόν
567 703 740 786 Ἀφροδίταν,

81 792 212 875 ὦνθρωφ’,
222 791 349 866 ἱλάσκεθ,
362 792 473 852 πλατίον
489 793 623 869 ἑζόμενος·

40 886 108 942 αἴνει
123 881 150 942 δέ
164 883 298 960 Γλυκέραν
311 882 463 955 Διονυσίου,
476 880 493 939 ό
509 885 537 959 μ’
552 881 662 954 ἀνέθηκε

79 969 228 1053 πορρυρέας
242 967 347 1028 ἁπαλόν
362 975 434 1046 κῦμα
448 972 512 1047 παρ’
524 969 620 1041 ἠϊόνος.

313 1110 377 1162 250.
406 1111 548 1161 ddHAON.

356 1235 396 1291 Et:
408 1233 511 1296 Ἔρωτα.

40 1351 76 1410 ‘O
91 1349 188 1418 πτανὸς
202 1347 246 1408 τὸν
262 1347 360 1408 πτανὸν
370 1347 406 1406 ἴδ’
421 1351 456 1414 ὡς
472 1347 565 1426 ἄγνυσι
578 1347 714 1427 κεραυνὸν,

82 1438 182 1507 δεικνὺς
195 1441 230 1507 ὡς
238 1441 360 1516 κρεῖσσον
375 1443 427 1518 γιῢρ
440 1438 520 1516 πυρός
537 1440 617 1512 ἔστιν,
631 1433 729 1517 Ἔρως.

347 1581 410 1631 251.
430 1583 526 1631 Auno,

41 1703 143 1782 ΙΙτανῷ
158 1701 256 1760 πτανὸν
267 1696 378 1778 Ἔρωτα
392 1698 431 1766 τίς
446 1699 533 1758 ἀντίον
547 1698 641 1759 έπλαο’
652 1698 769 1780 Ἔρωτι;

83 1788 111 1848 ‘A
125 1788 258 1864 Νέμεσις,
273 1787 340 1870 τόξῳ
354 1787 427 1856 τόξον
442 1787 610 1866 ἅμυνομένα,

41 1877 78 1946 ὥς
91 1901 121 1936 κε
136 1877 208 1956 πάθῃ
221 1877 255 1935 τοί
270 1878 294 1954 γ’
307 1875 404 1958 ἔρεξεν·
415 1880 429 1935 ό
441 1877 468 1937 δὲ
480 1881 592 1958 θρασὺς,
604 1881 617 1936 ό
630 1876 691 1958 πρὶν
703 1875 830 1959 ἆταρόὴς,

85 1965 208 2048 δακρύει,
224 1967 325 2046 πικρῶν
340 1966 500 2043 γευσάμενος
514 1967 629 2045 βελέων,

44 2057 69 2123 ές
84 2054 113 2114 δὲ
128 2051 210 2133 βαθθν
226 2053 281 2134 τρίς
296 2052 392 2113 κόλπον
408 2055 570 2115 ἀπέπτυσεν.
582 2045 613 2115 'fd
630 2055 700 2134 μέγα
715 2059 818 2135 θαῦμαῐ

84 2143 171 2224 ρλέξει
184 2166 222 2211 τις
237 2142 301 2222 πυρὶ
316 2148 383 2222 πῦρ·
396 2142 477 2223 ἥψατ’
491 2139 611 2224 Ἔρωτος
624 2141 725 2225 Ἔρως.

236 2272 240 2282 ’
348 2285 413 2336 252.
432 2287 529 2334 suno.

46 2412 130 2493 Κάγὼ
146 2399 374 2493 Κόπριδοςάἷμα·
387 2412 539 2493 κασιγνήτῳ
552 2413 581 2471 δέ
594 2436 628 2490 με
643 2416 732 2494 μήτηρ

83 2504 162 2582 ᾔνεσα
173 2501 235 2569 τόξα
250 2500 336 2583 φέρειν
353 2501 429 2561 ἀντία
446 2501 490 2561 καὶ
505 2501 646 2582 πτέρυγας.

328 2647 392 2699 253.
411 2649 551 2698 ΑΔΗΔΟΝ.

351 2776 392 2830 Εἰς
408 2771 523 2838 Ἄρτεμιν.

47 2919 75 2954 α.
89 2895 199 2975 Ἄρτεμι
209 2937 218 2967 ,
230 2898 282 2953 ποῦ
295 2917 336 2953 σοι
347 2892 427 2968 τόξα,
442 2893 609 2976 παραυχενίη
625 2920 654 2956 τε
667 2895 800 2979 ραρέτρη,

84 2989 138 3042 ποῦ
154 2985 181 3043 δὲ
196 2982 367 3043 Λυκαστείων
381 2981 500 3062 ένδρομίς
515 2982 678 3063 ἀρθυλίδων,

44 3073 137 3154 πόρπη
150 3095 179 3132 τε
192 3079 301 3152 χρυσοῖο
312 3071 476 3149 τεταγμένη,
491 3071 539 3144 ἠδὲ
556 3074 620 3152 πρὸς
636 3063 721 3154 όιιρην

85 3162 177 3239 ἰγνύην
190 3158 273 3242 ροῑνιξ
284 3162 383 3227 πέπλος
396 3159 576 3237 ἑλισσόμενος,
778 3223 780 3230 ,

44 3251 72 3327 β.
89 3251 175 3309 Κεῖνα
192 3248 240 3326 μίν
254 3251 290 3316 εἰς
304 3249 388 3326 ἄγρην
405 3247 558 3324 θπλίζομαι·
569 3251 595 3318 ἐς
608 3249 635 3310 δέ
650 3253 747 3324 θυηλλς

87 3327 143 3415 εἶμ’
156 3335 255 3410 αὕτως,
269 3337 332 3418 ἱρῶν
347 3335 478 3412 ἀντομένη
494 3336 584 3397 θυέων.

326 3472 390 3524 254.
410 3472 553 3528 sulinos.

366 3593 408 3650 Eu
419 3592 517 3658 ‘Erum

43 3715 132 3797 Ἱερόν
143 3715 258 3798 Ἑρμείῃ
274 3739 308 3794 με
323 3716 548 3798 παραστείχοντες
559 3715 654 3798 ἔχευαν

87 3807 222 3886 ἄνθρωποι
235 3806 331 3866 λίθινον
343 3807 441 3886 σωρόν·
453 3811 467 3865 ὁ
480 3809 502 3865 δ’
514 3809 571 3865 ἀντ’
584 3807 675 3884 ὀλίγης

352 3984 411 4041 249.
430 3993 543 4025 τιιοιιιτι.

44 4077 154 4144 Adspice
168 4077 278 4127 formose
289 4077 444 4128 simulacrum
457 4077 583 4144 Cypridis,
596 4076 683 4145 hospes
694 4082 712 4132 2'

83 4167 189 4226 Propter
200 4161 246 4211 rite
257 4161 342 4211 sedens
353 4162 499 4211 advenerare
511 4161 591 4212 deum.

45 4253 79 4300 Et
91 4249 214 4312 Glyceren
227 4244 335 4296 laudabis
347 4245 424 4311 (eruut
434 4244 563 4312 Dionysius
576 4247 665 4311 iiiam),

82 4333 146 4394 Quae
159 4327 233 4378 ureris
244 4328 270 4377 in
284 4327 353 4378 molli
364 4327 448 4379 littore
462 4328 604 4396 preposuit.

356 4429 416 4478 σέο.
428 4444 544 4490 ιιιοειιτε,

363 4510 394 4562 de
408 4510 535 4582 Cupidine.

46 4599 156 4649 Viderat
166 4596 281 4661 aiigemn
293 4595 385 4647 fulmen
394 4613 455 4665 puer
465 4598 515 4647 ales
526 4605 553 4648 et
564 4597 626 4666 ipre,

83 4678 216 4742 nesciuit,
228 4679 283 4746 igne
294 4680 344 4746 poli
353 4678 442 4730 sortior
453 4679 531 4745 iguis,
544 4683 631 4732 Amor.

339 4780 399 4832 251.
413 4783 451 4830 De
462 4777 556 4832 eodem.

48 4883 91 4931 En
102 4885 181 4929 Amor
193 4895 208 4929 ιι
220 4879 317 4930 Nemesi
328 4879 464 4930 contrarius
475 4879 526 4930 erit
534 4879 631 4938 Amori,

87 4963 147 5012 Ales
156 4969 182 5012 et
195 4961 235 5014 irie
246 4977 253 5013 :
263 4977 334 5012 arcus
344 4963 448 5013 arcubus
462 4964 513 5014 ulte
524 4963 569 5012 dee
581 4971 626 5014 est.

51 5045 128 5109 Quod
141 5044 205 5102 iecit.
218 5045 265 5095 [ert
276 5045 341 5111 ipse3
351 5044 421 5096 ferox
430 5061 490 5112 puer
502 5055 575 5111 eique
584 5046 702 5114 superbus

88 5127 137 5177 nie
148 5127 204 5188 diu,
215 5127 291 5180 telum
300 5129 374 5178 sensit
384 5135 410 5177 et
421 5126 552 5179 illacrimut
565 5145 573 5178 ε

54 5215 136 5276 Inque
146 5209 226 5260 sinum
238 5209 335 5261 sibimet
346 5220 385 5261 ter
397 5210 501 5280 despuit.
514 5215 536 5262 0
547 5227 609 5261 nove
624 5222 746 5273 munstre,

92 5296 151 5346 urit
162 5297 227 5361 quod
240 5295 360 5348 dammum
371 5295 478 5360 domme,
487 5295 580 5362 Cupido
592 5295 671 5362 cupiti

1152 579 1205 625 249.
1231 585 1370 626 incultui.

872 719 980 769 cernens
992 715 1088 780 signum
1099 713 1228 780 pulchrum
1242 713 1303 774 hoc,
1317 717 1453 772 Venerem,

902 802 1020 866 onemo,
1031 801 1149 867 propitia,
1162 801 1273 852 assidens
1282 813 1371 866 prope:

872 891 947 944 leude
955 896 1039 944 eutem
1053 891 1180 954 Glyceram
1193 889 1317 952 Dionysii,
1329 903 1385 952 quse
1397 903 1437 939 me
1446 889 1526 939 erexit

904 979 1023 1046 purpurei
1029 979 1132 1029 ‘mollem
1143 979 1323 1042 iiuotumJuxis
1332 977 1430 1028 littoris.

1162 1125 1218 1170 250.
1241 1129 1377 1172 lucum.

1189 1248 1216 1290 ln
1229 1249 1345 1292 Amorem.

874 1361 980 1414 volucer
994 1362 1092 1413 uoluere
1104 1361 1160 1412 ride
1176 1364 1206 1412 ut
1216 1360 1306 1425 tmngit
1315 1361 1419 1420 fulmen,

905 1449 1037 1501 osteudens
1046 1451 1140 1515 quanto
1153 1448 1276 1515 potentior
1285 1449 1348 1514 ignis
1358 1449 1412 1512 igne
1422 1448 1462 1511 sit,
1476 1451 1559 1500 tneor.

1177 1581 1232 1628 τοι.
1255 1556 1369 1630 umun.¹

875 1708 978 1759 volueri
988 1708 1117 1758 volucrem
1130 1711 1245 1758 Amorem
1255 1707 1311 1772 quis
1323 1707 1455 1757 adversum
1466 1706 1537 1756 fluxit
1546 1707 1646 1757 Amori?

907 1795 1031 1858 Nemesis,
1044 1809 1129 1847 areum
1142 1809 1202 1846 areu
1213 1796 1348 1858 ulciscens,
1494 1795 1662 1859 ipodemitus,

877 1885 905 1932 ut
914 1885 1040 1946 peteretur
1049 1895 1105 1945 quse
1115 1881 1168 1948 ipse
1182 1883 1255 1940 iecit;
1265 1882 1307 1932 iiie
1322 1882 1404 1932 audax
1413 1895 1485 1943 uero,
1498 1882 1537 1932 iile
1546 1881 1605 1932 oiim
1614 1882 1662 1932 im·

908 1974 1058 2039 luminetur,
1071 1988 1154 2026 amere
1165 1975 1418 2040 postquam-gustarit
1431 1975 1490 2036 tela,

858 2095 863 2100 -
876 2062 1085 2128 etinproiundum
1093 2063 1173 2113 sinum
1181 2066 1218 2113 ier
1224 2062 1406 2128 despuit.th
1412 2061 1496 2126 ingens
1503 2062 1662 2113 miraculum!

907 2151 964 2200 uret
975 2148 1032 2212 quis
1043 2149 1099 2212 igne
1111 2147 1192 2213 ignem
1209 2149 1345 2214 :corripuit
1357 2154 1473 2200 Amorem
1482 2153 1566 2200 Amor.

1177 2300 1232 2342 252.
1255 2303 1362 2345 setun.

878 2425 909 2475 Et
919 2436 965 2487 ego
979 2422 1092 2486 (timidis
1105 2421 1217 2487 seuguis3
1237 2421 1307 2472 tratri
1317 2425 1400 2471 eutem
1411 2435 1451 2471 me
1463 2426 1541 2472 muter

908 2510 1006 2562 hortatu
1016 2513 1055 2561 est
1067 2524 1154 2562 arcum
1167 2511 1231 2562 terre
1242 2508 1376 2559 adversum
1388 2513 1415 2560 et
1426 2509 1622 2573 sagittus-slatus.

1086 2680 1088 2684 ·
1160 2658 1215 2706 25³.
1238 2663 1380 2706 INCBBTI.

1204 2783 1230 2824 in
1240 2781 1342 2826 Diruere.

879 2923 905 2960 α.
920 2909 1013 2969 Diana.
1028 2911 1073 2962 ubi
1085 2910 1128 2962 tibi
1144 2923 1225 2972 erens,
1238 2910 1397 2975 peudeusque
1409 2925 1424 2962 e
1436 2911 1499 2962 eollo
1511 2911 1641 2975 pireretm?

909 2997 954 3048 ubi
966 3011 1025 3050 vero
1038 3001 1210 3062 Lycasteorum
1222 2999 1300 3064 caiigo
1309 3012 1445 3063 persuum,

880 3086 1004 3149 fibulaque
1016 3100 1048 3136 ex
1060 3100 1121 3136 auro
1135 3087 1285 3145 fabrefacta.
1298 3090 1324 3138 et
1336 3085 1369 3137 ad
1380 3100 1508 3138 summum

909 3187 974 3238 genu
987 3174 1062 3226 ruber
1071 3175 1158 3240 peplus
1174 3177 1317 3226 revolutus?
1573 3177 1666 3240 [nutem

881 3263 904 3313 b.
919 3263 963 3314 illu
978 3263 1080 3327 quidem
1092 3263 1125 3314 ed
1136 3264 1291 3316 renationem
1302 3264 1489 3326 induor-srme3
1503 3264 1535 3314 ad
1545 3263 1665 3318 semideis

912 3349 977 3401 redo
989 3351 1040 3413 sic,
1053 3351 1085 3402 ob
1099 3365 1182 3404 sueres
1195 3366 1326 3404 occurrens
1337 3353 1441 3404 hostius.

1169 3505 1223 3554 254.
1247 3508 1390 3552 suomi.

1079 3665 1082 3672 .
1178 3629 1206 3672 lu
1219 3629 1368 3674 ttercurinrn.

882 3739 984 3788 Seorum
994 3739 1116 3790 Mercurio
1127 3741 1220 3791 memet
1231 3742 1408 3804 pretereuntes
1423 3739 1538 3790 fuderunt

912 3825 1024 3878 immines
1036 3827 1160 3891 lapideum
1170 3841 1299 3884 seersum:
1311 3839 1356 3888 ego
1370 3828 1454 3877 eutem
1463 3838 1508 3888 pro
1517 3824 1584 3874 terni
1599 3825 1666 3874 dorio
1730 3867 1732 3871 .

1168 3991 1226 4039 πᾶν.
1242 3993 1279 4036 De
1291 3986 1381 4036 eodem.

883 4103 925 4150 Me
936 4116 1032 4166 quoque
1045 4099 1172 4168 progenuit
1183 4101 1268 4167 cypris
1278 4099 1457 4168 pulcherrima,
1471 4097 1571 4149 irutrem

917 4186 952 4234 Ut
963 4193 1049 4235 contre
1062 4200 1153 4250 pennus
1168 4183 1244 4234 irater
1255 4192 1357 4234 eternus
1371 4182 1457 4232 ierem.

1191 4302 1249 4350 253.
1269 4313 1384 4362 ιιιαιιτι,
1435 4371 1440 4382 1

1124 4443 1129 4460 ,
1211 4390 1242 4441 de
1254 4391 1346 4442 Diona.

885 4495 963 4543 Arcus
975 4493 1017 4544 ubi
1032 4504 1087 4545 tuus
1099 4502 1145 4556 est,
1157 4491 1249 4549 Diana,
1263 4489 1427 4559 pharetraque
1441 4488 1505 4540 colio

919 4579 1001 4644 Apte?
1010 4578 1129 4643 Lymsteae
1140 4591 1206 4626 nune
1219 4573 1261 4624 ubi
1272 4583 1329 4627 eunt
1338 4574 1425 4624 solere?

887 4662 918 4710 m
929 4675 982 4726 quse
993 4675 1140 4727 purpureum
1151 4659 1241 4727 premit
1253 4674 1326 4708 suren
1339 4657 1412 4708 tibuie
1428 4667 1532 4714 restem.

921 4745 1032 4800 Vestem,
1047 4757 1226 4808 qusesummum
1240 4741 1281 4792 uix
1291 4739 1359 4790 venit
1368 4755 1443 4806 usque
1454 4755 1516 4804 genu
1524 4742 1576 4791 i-

888 4827 949 4876 eum
962 4840 1046 4884 venor,
1058 4835 1117 4876 tune
1128 4825 1172 4874 iste
1186 4822 1238 4874 sero
1253 4821 1314 4874 :sed
1326 4823 1386 4871 turis
1398 4822 1428 4870 ed
1438 4836 1509 4873 nurus

894 4950 899 4957 .
922 4912 953 4959 Et
967 4910 1070 4976 pecudes
1084 4925 1154 4960 ceses
1169 4917 1273 4974 votaque
1289 4904 1344 4956 telis
1357 4921 1400 4956 eo.

1184 5020 1242 5076 254.
1255 5034 1372 5077 τποιιτι,

1198 5105 1228 5157 de
1240 5107 1371 5158 Mercurio.

892 5213 965 5259 Hune
979 5225 1017 5258 me
1030 5207 1154 5258 Mercurio
1165 5207 1272 5272 lepidum
1285 5206 1389 5257 sacravit
1402 5221 1518 5255 seersum

926 5290 1025 5350 Turba,
1041 5292 1096 5344 tulit
1109 5301 1196 5358 preter
1209 5305 1282 5357 quern
1297 5289 1336 5340 via
1350 5305 1358 5344 ι
1373 5303 1459 5358 pervus
1470 5287 1559 5338 honor.

1545 5387 1583 5435 .“,7.
