3734 5920
286 417 412 478 CAPUT
432 417 481 476 xl.
494 413 786 483 ,scrutaturum
808 411 1044 471 CONl'lVALlA
1067 411 1116 469 ET
1138 409 1344 476 lRRlSORlA.

264 555 325 604 402.
345 557 406 602 ΤΟΥ
422 555 529 602 ΑΥΤΟΥ.

44 695 123 764 Muto<
134 706 174 764 μοι
188 679 288 754 ταύτην
297 679 525 761 ,Ἐρασίστρατε,
541 677 589 750 τὴν
602 678 741 747 σπατάλην
753 700 798 735 σου

71 773 169 845 ποιήσειε
184 761 296 850 θεῶν,ᾗ
311 770 342 827 σθ
358 771 586 848 κατασπαταλᾷς,

40 871 106 926 lotor
115 858 275 938 impartile<
289 856 433 936 στομάχων
449 854 537 928 κακὰ,
550 854 657 935 χείρονα
668 855 764 930 λιμοῦ,

70 942 105 1010 σία
116 947 214 1030 ροίγοιεν
226 947 298 1020 ε’μῶν
309 943 450 1020 ἀντεδίκωγ
461 943 563 1003 τεκνία.

41 1039 175 1113 Ιίεινοίσαιμι
188 1033 240 1114 γῖιρ
255 1025 328 1102 αὖθις
344 1032 383 1092 ἔτι
398 1031 488 1106 πλέον,
500 1031 517 1104 ἢ
529 1030 592 1110 πρὶν
607 1030 733 1101 ἐπείνων,

68 1124 254 1209 ἣχορτασθείην
267 1129 314 1195 τῆς
333 1121 407 1202 παρὰ
419 1124 460 1182 σοί
471 1123 619 1195 σπατάλης.

272 1271 335 1322 403.
354 1273 414 1318 ΤΟΥ
432 1271 540 1320 ΑΥΤΟΥ.

324 1397 363 1451 Εἰς
379 1394 508 1460 ποδάγραν.

35 1521 178 1601 Μισόπτωχε
191 1518 254 1592 θεὰ,
270 1520 354 1596 μούνη
366 1520 482 1579 πλούτου
499 1519 665 1600 δαμοῖτειρα,

66 1611 117 1684 iob
126 1612 208 1676 καλῶς
223 1613 302 1680 ζῆσαι
317 1608 427 1667 πάντοτ’
439 1608 619 1685 ἐπισταμένη,

34 1704 52 1760 εἷ
63 1699 87 1759 δὲ
100 1700 141 1758 καὶ
155 1697 302 1776 ἀλλοτρίοις
311 1698 463 1774 ἔπιῖζομένη
474 1699 537 1756 ποσὶ
551 1697 669 1778 χαίρεις,

66 1791 203 1866 πιλορορεῑν
217 1789 243 1845 τ’
260 1778 347 1858 οἶδας,
361 1786 405 1845 καί
424 1787 495 1867 μύρα
510 1808 551 1846 σοι
564 1787 688 1861 μέλεται,

31 1877 107 1959 τέρπει
121 1877 164 1936 καὶ
179 1874 308 1956 στέφανός
318 1899 364 1945 σε,
380 1875 425 1935 καὶ
436 1875 565 1936 Αὖσονίου
580 1875 655 1953 πόμα
671 1876 787 1956 Βοίκχου.

64 1969 150 2027 Ταῦτα
165 1965 239 2046 παρὰ
256 1973 373 2044 πτωχοῖς
388 1963 487 2040 γίνεται
503 1965 636 2024 οὐδέποτε.

33 2055 134 2116 Τοθνεκα
149 2061 194 2114 νῦν
209 2053 311 2134 φεύγεις
322 2053 411 2126 πενίης
422 2052 467 2112 τὸν
482 2051 613 2133 ἀχοίλκεον
629 2053 721 2125 οὐδὸν,

63 2144 138 2224 τίρπη
153 2144 174 2202 δ’
191 2135 226 2202 αδ
241 2142 356 2202 πλούτου
368 2141 438 2223 πρὸς.
448 2139 530 2208 πόδας
545 2142 689 2221 ἐρχομένη,

279 2289 342 2339 404.
363 2291 422 2336 ΤΟΥ
438 2290 546 2336 ΑΥΤΟΥ.

31 2415 146 2476 οθδὲποτ’
161 2417 198 2480 εἶς
213 2419 355 2493 πορθμεῖον
369 2417 383 2472 ὁ
396 2412 514 2486 κηλείτης
528 2413 672 2494 Διόραντος

62 2503 175 2580 ε’μθαίνει
190 2505 298 2580 μέλλων
312 2509 351 2570 εἷς
367 2503 398 2561 cb
411 2503 495 2581 πέραν
507 2503 608 2562 ἀπίναι·

29 2595 67 2660 τῆς
79 2591 158 2663 κήλης
172 2593 196 2649 δ’
211 2593 332 2650 ε’πάνωθε
345 2590 379 2651 τὰ
393 2589 488 2670 φορτία
502 2591 591 2650 ποίντα
603 2591 725 2657 τεθεικὼς

59 2679 100 2737 καῖ
110 2679 154 2738 τὀν
166 2678 227 2738 ὄνον
238 2725 247 2757 ,
258 2682 365 2740 διαπλεῖ
379 2679 474 2739 σινδθν’
487 2683 662 2757 ἐπαράμενος.

27 2765 102 2827 Ὥστε
114 2768 202 2846 μάτην
221 2769 354 2848 Τρίτωνες
368 2772 394 2828 ἐν
409 2767 487 2826 ὕδασι
499 2768 574 2837 δόξαν
587 2769 704 2849 ἔχουσιν,

59 2859 80 2915 εί
92 2857 136 2917 καί
148 2856 271 2930 αηλήτης
284 2856 364 2916 robob
380 2865 464 2916 ποιεῖν
478 2857 600 2919 δύναται.

277 3003 340 3054 405.
359 3006 419 3052 ΤΟΥ
436 3005 544 3055 ΑΥΤΟΥ.

26 3133 54 3191 '0
66 3132 159 3210 γρυπδς
171 3132 266 3194 Νίκων
276 3131 435 3211 sopatrum
449 3131 518 3192 οίνου
530 3131 645 3210 ἄριστα,

58 3224 84 3282 οὐ
98 3220 211 3281 δύναται
226 3219 340 3280 δἐἰπεῖν
354 3211 406 3288 οἶος
416 3221 447 3280 ἂν
461 3213 479 3302 ᾖ
494 3206 606 3300 ταχέως.

25 3308 66 3370 Ἐν
79 3309 162 3388 τρισίν
177 3308 263 3392 ὥραις
277 3307 330 3390 γὰρ
344 3316 456 3390 θεριναῖς
471 3311 545 3386 μολις
560 3308 693 3370 αἰσθάνετ’
707 3309 785 3377 αὐτὸς
797 3353 805 3381 ,

58 3403 91 3466 ὡς
105 3399 137 3458 ἂν
154 3397 232 3479 ἔχων
248 3401 344 3478 πηχῶν
360 3401 418 3480 ῥῖνα
435 3397 586 3460 διακοσίων.

23 3487 58 3546 Ὦ
72 3488 189 3567 μεγοίλου
206 3491 359 3567 μυκτῆροςί
374 3485 437 3546 ὅταν
447 3487 567 3563 ποταμὸν
581 3484 717 3564 διαὸαίνη,

60 3576 161 3656 θηρεύει
174 3576 266 3656 τούτῳ
278 3576 406 3642 πολλάκις
416 3573 534 3656 ῖχθθδια.

322 3870 380 3918 too.
399 3877 515 3912 nucrsut.

22 4012 118 4064 Delicias
129 4031 144 4063 a
157 4030 200 4062 me
216 4014 320 4074 iaciant,
333 4013 490 4068 Erasistrate,
505 4013 574 4076 louge

51 4096 105 4145 lllas
116 4097 174 4146 dico
187 4107 259 4158 tuos,
272 4112 351 4162 quaeso
363 4111 468 4160 rogoque
478 4099 550 4143 Deos.

21 4177 127 4244 Namque
139 4177 272 4230 horrenda
287 4194 357 4228 roras
369 4176 486 4227 stomachi
497 4177 574 4237 mala,
584 4175 649 4242 quod
658 4174 720 4224 lame
730 4176 812 4242 pejus;

51 4263 98 4311 llas
109 4263 213 4329 copiam
227 4262 317 4312 nostris
327 4260 437 4311 hostibus
448 4277 499 4310 esse
511 4261 592 4326 dapes.

22 4343 82 4406 Quin
96 4352 183 4412 optem
195 4345 307 4394 tolerare
321 4343 423 4404 lumem,
436 4359 489 4408 quo
503 4343 624 4406 maxima3
638 4341 696 4390 dum
711 4357 742 4390 ne

50 4429 127 4492 cogar
138 4427 241 4478 deliciis
253 4443 293 4476 me
302 4427 390 4477 satiare
399 4427 456 4478 tuis.

327 4595 385 4648 dol.
405 4607 521 4641 rsusncm.

19 4754 141 4804 llmdicos
153 4754 256 4819 fugiens
270 4751 386 4802 domitrix
400 4754 452 4800 Dea
463 4749 618 4811 diuitiarum,

48 4841 201 4906 Exemplum
211 4838 271 4888 uitae
286 4847 314 4886 tu
326 4846 393 4903 potes
408 4851 459 4885 esse
469 4833 541 4884 bonae
556 4849 564 4885 :

19 4923 123 4974 aterius
134 4925 249 4992 pedibus
258 4939 315 4972 nam
326 4935 472 4988 quamquam
486 4917 593 4969 insidere
604 4918 704 4983 gaudes,

48 5013 110 5060 Sunt
121 5017 256 5076 unguenta
270 5006 317 5057 tuis
328 5005 455 5066 crinibus,
468 5019 535 5054 arma
547 5019 635 5062 mano,

17 5091 83 5142 Serta
96 5108 158 5148 nec,
172 5090 281 5142 Ausonii
292 5105 337 5138 nec
349 5088 410 5138 desit
418 5087 488 5154 copia
499 5085 604 5146 llacchi,

49 5176 161 5226 Mendici
174 5173 275 5244 praelaet
287 5171 368 5240 qualia
379 5171 447 5221 nulla
458 5171 553 5220 domus.

20 5257 86 5309 [nde
97 5270 122 5310 et
136 5257 260 5324 egestatis
271 5256 387 5307 ferratum
402 5254 477 5326 limen
490 5252 620 5307 abhorres,

1570 411 1629 470 3³55

1070 599 1072 604 .
1117 554 1174 602 toa.
1197 562 1350 605 rsusnsu.

846 693 922 741 Nemo
935 690 997 740 mibi
1009 691 1082 753 hono,
1093 693 1257 754 Erasistrato,
1271 692 1393 742 luxuriam
1408 693 1477 740 tuom

880 778 953 830 faciat
966 778 1085 843 deorum,
1095 794 1146 844 quo
1154 784 1183 832 tu
1191 780 1338 841 luxuriosis,

846 869 923 921 edens
936 869 1078 920 inurbaniter
1086 871 1270 922 stomachorum
1280 871 1358 930 mala,
1368 871 1452 934 peiora
1461 871 1526 921 lame

877 975 933 1024 quse
947 959 1203 1013 cunam-manducent
1212 972 1352 1010 memorum
1363 959 1519 1008 inimicorum
1526 959 1633 1022 pueruli.

846 1048 960 1099 Esuriam
970 1048 1036 1099 euim
1045 1062 1132 1098 rursus
1140 1048 1222 1099 adhuc
1235 1048 1315 1113 magis
1322 1062 1396 1112 quam
1406 1047 1475 1112 prius
1486 1046 1636 1107 esuriebam,

876 1141 1054 1202 potiusquam
1066 1137 1141 1188 satier
1153 1151 1183 1188 ea
1192 1151 1249 1201 quos
1258 1136 1324 1201 apud
1337 1139 1363 1188 te
1377 1138 1416 1187 est
1429 1135 1533 1186 luxuria.
1573 1123 1575 1128 ¹

1118 1282 1174 1328 403.
1198 1287 1351 1330 liJllSllllll.

1154 1411 1181 1452 lu
1195 1405 1326 1465 podagram.

849 1528 1142 1593 Odiobabenspauperes
1151 1529 1212 1589 deo,
1227 1530 1279 1580 sola
1293 1527 1436 1578 divitiarum
1448 1527 1579 1588 domitrix,

880 1621 909 1668 to
923 1631 980 1681 queo
993 1617 1058 1668 helle
1071 1617 1155 1668 virere
1169 1629 1267 1680 semper
1280 1615 1346 1676 scis,

848 1707 896 1758 utsi
906 1709 933 1757 et
947 1707 1033 1757 alienis
1043 1705 1153 1757 insidens
1162 1706 1266 1770 podibus
1281 1705 1396 1769 gaudeas,

879 1795 1070 1846 coactitio-serre
1083 1795 1159 1856 scias,
1174 1795 1249 1844 etiam
1264 1798 1390 1857 unguenta
1404 1793 1450 1844 tibi
1460 1797 1616 1857 curae-sont,

849 1883 957 1936 oblectat
967 1887 992 1935 et
1006 1887 1139 1945 coronate,
1150 1886 1176 1935 et
1185 1883 1286 1934 Ausonii
1298 1885 1372 1948 potus
1381 1883 1478 1934 Bacchi.

880 1975 940 2024 llaec
951 1973 1017 2038 apud
1028 1973 1155 2024 mendicos
1165 1972 1256 2023 adsunt
1269 1985 1404 2036 nunquam.

849 2059 908 2110 ldeo
916 2060 992 2124 igitur
1000 2060 1064 2125 sugis
1078 2060 1232 2124 paupertatis
1245 2061 1356 2110 sineere
1369 2061 1455 2122 limen,

879 2148 1023 2211 juratisque
1036 2161 1124 2200 rursus
1132 2148 1277 2199 diuitiarum
1290 2149 1320 2198 ad
1332 2147 1409 2212 pedes
1418 2152 1495 2199 stans.

1129 2294 1185 2342 tot.
1207 2302 1360 2344 ssusnru.

851 2432 981 2491 Nunquam
995 2430 1020 2477 in
1036 2442 1125 2480 narem
1139 2428 1269 2480 hemiusus
1280 2429 1436 2495 Diophantus

882 2520 958 2568 intrat
970 2519 996 2568 iu
1011 2519 1116 2569 alterum
1128 2519 1188 2570 litus
1200 2515 1311 2569 obitums
1327 2540 1334 2568 z

853 2606 898 2657 sed
910 2621 984 2671 super
991 2607 1103 2658 herniam
1115 2620 1190 2657 onera
1201 2609 1290 2658 cuncta
1304 2609 1531 2672 postquam-posuit

882 2699 909 2746 et
920 2696 1030 2756 asinum,
1042 2695 1184 2760 pernaviget
1195 2696 1279 2745 velum
1290 2695 1388 2745 tollens.

852 2787 929 2835 lta-ut
939 2785 1030 2835 trustra
1043 2784 1190 2835 Tritonesiu
1204 2785 1275 2848 aquis
1283 2784 1382 2835 leudem
1392 2783 1497 2834 habeant

883 2873 905 2923 si
918 2876 944 2925 et
955 2873 1084 2923 herniosus
1092 2872 1159 2924 idem
1174 2873 1255 2924 lacere
1267 2874 1359 2936 potest.

1129 3025 1185 3070 405.
1208 3031 1361 3074 EJUSDBM.

852 3147 962 3196 Nasutus
970 3144 1030 3194 lt'ico
1038 3143 1157 3196 odorotur
1166 3144 1252 3194 vinum
1261 3145 1367 3208 optime,

884 3247 934 3283 non
943 3235 1025 3298 potest
1038 3236 1121 3284 autem
1135 3233 1217 3284 dicere
1231 3233 1304 3296 quale
1316 3232 1349 3282 sit
1362 3231 1483 3283 celeriter.

853 3326 882 3373 Io
890 3322 971 3373 tribus
984 3322 1051 3373 horis
1061 3322 1126 3373 euim
1136 3321 1229 3372 aestivis
1241 3321 1283 3370 vix
1294 3321 1369 3372 sentit
1377 3320 1439 3384 lpse,

885 3411 975 3476 quippe
988 3411 1031 3474 qui
1044 3411 1134 3461 habeat
1144 3409 1286 3460 cubitorum
1299 3423 1387 3459 nasum
1396 3407 1565 3460 ducentorum

854 3499 935 3548 Proh!
952 3513 1068 3564 magrrum
1084 3501 1185 3549 uasuml
1197 3512 1275 3563 quum
1289 3499 1381 3548 llumen
1396 3497 1500 3562 trajicit,

892 3591 998 3638 uenator
1010 3587 1052 3637 illo
1063 3601 1234 3650 saepenumero
1249 3587 1391 3650 pisciculos.

891 3831 929 3880 Ad
941 3831 1080 3896 dominique
1095 3830 1161 3879 renis
1174 3830 1198 3877 in
1213 3830 1264 3879 lare
1277 3829 1327 3878 dite
1337 3828 1417 3894 pedes.

1149 3997 1208 4046 ηας.
1228 4004 1345 4037 mosoma.

860 4127 921 4177 Navi
934 4128 968 4177 nil
978 4143 1038 4193 opus
1048 4137 1083 4176 est
1095 4124 1253 4192 Diophanto,
1267 4134 1293 4173 ut
1305 4133 1411 4172 transeat
1419 4139 1530 4184 εοειιιειιι,

892 4210 981 4276 Implet
992 4210 1059 4259 enim
1071 4219 1168 4272 turgens
1178 4206 1266 4256 hernia
1277 4205 1345 4255 navis
1358 4221 1428 4270 opus.

860 4293 923 4344 lluie
934 4310 990 4343 nam
1002 4292 1132 4354 sarcinulas
1148 4290 1277 4356 ipsumque
1290 4289 1395 4356 imponit
1409 4289 1529 4350 asellum,

893 4381 924 4427 Et
936 4375 1032 4426 εῖοιιοεσ
1046 4375 1129 4426 leuans
1142 4374 1217 4423 lintea
1230 4371 1315 4422 transit
1327 4389 1410 4437 aquas.

861 4465 958 4510 Frustra
969 4475 995 4508 se
1006 4457 1098 4524 jactant
1112 4455 1185 4521 igitur
1198 4453 1310 4504 ltitoues
1322 4454 1348 4503 in
1359 4454 1447 4510 undis,

895 4547 955 4595 Cum
964 4541 1079 4609 Diophon
1091 4557 1176 4605 magno
1190 4539 1279 4588 ramice
1293 4547 1389 4605 praestet
1405 4538 1479 4589 idem.

1153 4693 1210 4749 405.
1234 4707 1352 4742 ssusosss.

862 4830 952 4882 olfacit
966 4829 1058 4895 egregie
1070 4838 1167 4878 nasutas
1194 4826 1282 4893 pocula
1291 4825 1387 4884 Nicon,

895 4915 941 4966 Sed
954 4915 1002 4964 cito
1010 4913 1043 4963 sit
1054 4913 1136 4961 uinum
1148 4911 1229 4960 dicere
1241 4909 1311 4976 quale
1324 4909 1422 4974 nequit·,

864 5001 924 5048 Nam
934 4996 1012 5047 tribus
1022 4995 1108 5046 urstisio
1120 4993 1160 5043 rix
1170 4993 1219 5060 ipse
1228 4992 1254 5042 id
1267 4989 1371 5058 percipit
1384 4989 1464 5044 horis,

897 5080 936 5130 Bis
951 5077 1170 5144 centumquoniam
1182 5090 1252 5124 nasus
1266 5073 1286 5123 it
1298 5073 1322 5123 iu
1335 5072 1437 5122 cubitos.
1453 5115 1455 5120 ,

864 5163 976 5229 Egregius
990 5178 1075 5221 nasus,
1087 5159 1146 5227 qui,
1162 5159 1182 5209 si
1196 5174 1268 5224 quem
1283 5157 1344 5208 lorte
1354 5173 1397 5223 per
1411 5171 1506 5205 omnem

899 5251 976 5296 Discat
989 5245 1046 5306 iter,
1060 5243 1135 5309 pisces
1144 5257 1194 5291 nou
1208 5241 1283 5291 semel
1295 5240 1345 5306 ipse
1359 5238 1431 5303 capit.

1512 5325 1549 5372 θ’.
