3734 5920
231 383 289 443 eta
791 379 1045 442 ANTHOLOGiAE
1066 382 1268 446 PALATINAE

270 513 315 570 καί
327 511 396 572 τοῦτ’
409 515 435 572 tu
448 509 553 584 Θίθαις
564 516 608 570 νῦν
621 511 724 592 γίγονεν
739 511 769 569 τὸ
779 511 866 591 τίρας.

478 667 545 718 148.
570 655 815 717 ΛΟΥΚΙΛΛΙΟΥ.

232 797 311 869 Muti
323 798 410 857 λαλῶν
426 796 516 877 πρῴην
532 794 677 856 ίσολοίκισε
692 795 843 862 Φλάκκοςθ
857 795 960 877 ῥήτωρ,

270 885 314 944 καλ
329 885 432 962 με’λλων
447 884 559 964 χαίνειν,
575 883 647 950 εὐθύς
659 884 847 963 ἐθαρθιίρισιν,
945 925 948 930 ·

231 973 275 1032 καὶ
287 977 320 1054 τῇ
334 972 403 1052 χειρὶ
419 971 452 1030 td
468 973 548 1031 λοιπὰ
564 973 702 1042 σολοικίζει
714 973 850 1032 διανεύων.

272 1060 355 1140 Κάγὼ
370 1061 392 1120 δ’
404 1059 481 1120 αὐτὸν
493 1061 554 1120 ἰδὼν
565 1094 606 1108 -
616 1061 646 1120 τὸ
659 1063 744 1137 στόμα
757 1085 807 1138 μου
821 1061 932 1122 δι’δεται.

522 1207 580 1258 149.
602 1209 742 1257 anneot.

1030 547 1035 638 γ
1085 523 1132 576 hoe
1141 538 1239 589 quoque
1249 527 1340 577 Thebis
1352 540 1416 577 nuno
1428 527 1510 585 creuit
1519 527 1655 594 prodigium.

1340 671 1393 719 rte.
1410 670 1556 720 thermi.

1055 789 1091 837 Ne
1099 786 1203 852 loquens
1211 787 1311 850 quidem
1319 797 1393 852 nune
1409 789 1571 840 roioeeisuerit
1581 792 1756 854 Fleeenarhctcr,

1086 877 1113 926 et
1119 875 1220 939 jamiam
1230 879 1493 941 oa-aperturnastatim
1502 878 1674 932 barbarismum
1682 883 1739 935 een

1055 964 1083 1012 et
1091 975 1165 1012 manu
1175 965 1258 1014 cetera
1266 965 1402 1017 reiecisset
1414 967 1614 1018 nutum-tudens.

1088 1057 1138 1118 Ego
1151 1068 1211 1105 vero
1221 1057 1292 1108 itiam
1303 1057 1433 1108 ridens-ou
1446 1071 1530 1109 meum
1543 1058 1641 1124 ligatur.

1338 1207 1391 1256 itt.
1419 1215 1558 1258 incauti.

233 1335 317 1396 λύτδν
332 1337 385 1414 δρῶ
399 1335 442 1407 σί,
456 1333 554 1406 Μίδων,
564 1334 609 1394 τὸν
625 1333 733 1415 ῥήτορα.
746 1336 822 1405 riui,
833 1333 858 1392 ri
869 1333 897 1391 τδ
909 1337 1013 1409 θαῦμα,
1058 1347 1142 1409 Ipsam
1155 1343 1228 1395 video
1237 1346 1276 1406 te,
1287 1343 1391 1407 Medon,
1402 1345 1536 1397 rhetorem'.
1549 1346 1611 1396 Proh
1620 1349 1626 1396 i
1635 1345 1691 1410 quid
1702 1348 1799 1402 urach

273 1423 441 1501 στειλάμενος
456 1431 543 1504 σιγᾷς·
558 1423 631 1483 οὐδὲν
646 1421 808 1500 ὁμοιότερον.

473 1575 540 1623 reo.
566 1563 784 1622 ιιιιιιιιιιιιιιι.

232 1735 245 1759 ι
262 1706 412 1787 Ἀρκαδικὸν
427 1709 504 1765 πῖλον
518 1705 577 1766 κατ’
593 1703 710 1765 ἐνύπνιον
726 1705 832 1786 Ἀρκάδι
847 1706 928 1786 δῶρον

274 1825 284 1846 ι
301 1794 414 1875 Ἑρμείῃ
429 1795 516 1878 ῥήτωρ
531 1800 609 1866 θῆκεν
625 1794 801 1874 Ἀθηναγόρας
814 1821 839 1854 ν.

235 1887 269 1946 El
283 1882 330 1956 μὲν
345 1883 390 1942 καὶ
407 1885 494 1963 ῥήτωρ
510 1881 567 1942 κατ’
583 1882 712 1956 ἐνύπνιον,
728 1883 833 1959 οίσομεν
845 1880 949 1962 Ἑρμῇ·

275 1966 297 2021 ai
310 1962 334 2021 δ’
347 1961 434 2042 θτταρ,
447 1963 575 2042 ἀρκείτω·
589 1989 600 2014 r
615 1966 705 2033 Θῆκεν
720 1963 894 2043 ’λθηναγύρας
906 1989 930 2023 ν.

482 2117 542 2168 151.
568 2120 764 2165 ΑΔΕΣΠΟΤΟΝ.

237 2243 365 2324 Ῥήτορος
380 2245 420 2302 ἅδ’
434 2244 520 2302 εἰκών·
534 2246 548 2300 δ
563 2244 590 2304 δὲ
607 2244 706 2325 ῥήτωρ,
722 2243 733 2263 '
746 2243 853 2325 ῥήτορος
868 2241 955 2303 εἰκών.

278 2331 332 2393 Καί
345 2336 419 2404 κύνες
437 2334 477 2392 Οὐ
491 2330 594 2390 λαλίιι·
606 2331 678 2391 οὐδὲν
690 2330 847 2408 ὁμοιότερον.

472 2483 539 2534 152.
562 2474 778 2534 ΑΜΜΙΑΝΟΥ.

238 2629 271 2687 Εἰ
288 2625 376 2702 βούλει
390 2624 435 2684 τὸν
449 2625 532 2682 παῖδα
546 2624 647 2698 διδάξαι
664 2625 780 2706 ῥήτορα,
797 2626 899 2697 Παῦλε,

276 2716 312 2781 ὡς
326 2704 395 2772 οὗτοι
410 2711 523 2785 ποίντες,
538 2711 686 2790 γράμματα
702 2711 739 2786 μὴ
758 2712 873 2788 μαθέτω.

457 2865 524 2916 ιιι.
548 2856 793 2918 uertuntur.
810 2937 812 2942 Ι

240 2985 316 3057 hieu
330 2996 378 3071 μὲν
394 2994 508 3054 Κυνικόν
525 3017 572 3066 σε,
586 2993 769 3072 Μενέστρατε,
783 2992 974 3070 κάνυπόδητον,

277 3083 321 3143 καί
339 3085 425 3163 ῥιγοῦν
439 3083 524 3148 οὐδεὶς
538 3082 667 3158 ἀντιλέγει
682 3081 808 3141 καθόλου·

238 3170 269 3228 διν
284 3170 310 3229 δὲ
324 3170 500 3251 παραρποίξῃς
515 3168 609 3252 ἄρτους
626 3168 671 3228 καὶ
685 3171 815 3243 κλύσματ’
831 3172 955 3241 ιἰναιδῶς,

278 3258 351 3339 κάγὼ
369 3257 467 3340 ῥαίύδον
482 3257 556 3337 ἔχω,
571 3259 616 3317 καί
631 3258 660 3316 σὲ
675 3260 779 3334 λέγουσι
793 3257 870 3317 κύνα.

499 3403 558 3454 151.
579 3406 637 3451 ΤΟΥ
658 3406 763 3453 ΑΥΤΟΥ.

239 3535 299 3598 Πᾶς
314 3533 340 3599 ὃς
357 3531 387 3589 διν
400 3523 417 3610 ᾖ
432 3530 537 3610 πτωχὸς
552 3531 597 3590 καί
617 3531 805 3610 ἀγράμματος,
820 3531 902 3592 οὐκέτ’
913 3531 1020 3611 diridet,

279 3623 313 3685 ὡς
327 3621 357 3677 τὸ
371 3618 443 3698 πρὶν,
457 3621 510 3677 οὐδ’
525 3618 593 3697 αίρει
605 3621 699 3702 φορτία
712 3621 863 3699 μισθαρίου·

241 3709 309 3768 ἀλλὰ
323 3707 411 3788 τρίρει
425 3707 553 3784 πώγωνα,
573 3711 632 3778 καὶ,
648 3712 678 3766 ἑκ
691 3709 794 3787 τριόδου
810 3707 884 3776 ξύλον
899 3709 981 3790 ἄρας,

279 3801 326 3865 τῆς
338 3799 432 3874 ἀρετῆς
448 3788 515 3854 εἶναι
527 3796 605 3875 ρησίν
618 3803 632 3856 θ
645 3799 811 3877 πρωτοκύων.

266 3964 365 4022 ithetor,
382 3974 407 4014 et
420 3963 467 4013 hoe
480 3965 574 4013 Thebes
588 3965 667 4014 uddite
680 3965 800 4030 prodigite

534 4047 588 4103 148.
606 4063 726 4096 rutrunrr.

239 4133 305 4197 serpe
319 4137 400 4183 tacens
414 4129 510 4178 Flaccus
525 4127 609 4178 rhetor
621 4128 681 4178 solet
694 4144 744 4178 esse
758 4128 878 4182 soioecuat

271 4209 317 4261 Sed
326 4225 405 4280 neque
420 4209 555 4258 {turbariem
569 4209 627 4259 νίιοι
640 4209 709 4260 hiare
718 4211 808 4258 ueiens.

238 4295 310 4344 Nune
323 4293 430 4358 loquitur
444 4295 519 4353 uuirt,
533 4307 613 4357 neque
623 4293 657 4342 sie
667 4303 747 4342 tamen
762 4293 851 4359 utraque
861 4295 957 4344 uolo-ro.

273 4377 307 4426 Oa
318 4373 391 4430 milri,
405 4390 459 4423 cum
471 4374 582 4423 Fiaeeunr
596 4384 690 4440 specto,
704 4383 803 4441 repente
815 4376 872 4426 coit.

541 4467 596 4520 rto.
616 4475 728 4510 rucaurr.

128 4585 132 4594 ,
241 4546 322 4608 iprum
332 4551 356 4591 te
371 4541 453 4603 rideo,
468 4541 553 4591 rhetor
565 4543 637 4591 Medo
652 4558 659 4591 ι
674 4553 700 4592 tu
709 4558 806 4608 quoque
819 4542 920 4608 pulchro

275 4623 358 4674 Cultus
366 4632 432 4673 reate
440 4633 503 4673 taces
519 4641 525 4674 ι
540 4624 574 4673 nii
586 4625 630 4673 tibi
643 4635 690 4674 tam
701 4625 787 4676 simite.

533 4709 588 4757 150.
608 4725 729 4758 ιιιειιιιιι.

241 4789 328 4842 Arcadi
338 4789 459 4840 Mercurio
473 4799 580 4858 petasum
593 4791 659 4841 dedit
667 4793 761 4842 Arcada
772 4808 872 4851 munuc,

273 4872 348 4924 Vovit
357 4874 415 4924 utin
427 4875 514 4923 somnis
526 4874 609 4925 rhetor
624 4875 796 4940 Athenagoras.

239 4957 323 5017 Sirio,
335 4955 360 5006 in
377 4956 465 5006 somnis
477 4953 568 5012 rhetor,
580 4958 702 5007 mittamur
713 4959 742 5006 ud
750 4959 824 5008 rudem
837 4974 845 5008 ι

272 5041 315 5092 Sin
325 5040 406 5103 aliter,
419 5039 475 5090 satis
486 5051 537 5103 est,
549 5042 623 5092 Vorit
633 5042 804 5107 Athenagoras.

540 5125 594 5173 151.
613 5141 723 5175 ιιιοεατι.

239 5201 352 5256 Rhetoria
363 5203 413 5255 haec
428 5221 435 5256 ι
451 5204 535 5255 rhetor
548 5207 588 5254 sed
602 5207 677 5272 imago
688 5207 794 5258 rhetoris
804 5206 853 5274 ipse
865 5212 911 5257 εει.

1090 1433 1309 1497 composita-reete
1320 1436 1389 1484 taeea
1400 1451 1406 1484 ι
1419 1432 1477 1484 ιι11ιιΊ
1488 1433 1598 1485 similius.

1340 1579 1392 1624 150.
1411 1576 1556 1624 amittam.

1061 1733 1074 1757 ι
1087 1712 1234 1764 Arcadicum
1246 1713 1336 1778 pileum
1350 1727 1395 1778 per
1405 1715 1527 1766 somnium
1541 1714 1626 1766 arcadi
1637 1715 1722 1774 donum

1092 1820 1105 1847 ι
1120 1802 1243 1852 Mercurio
1252 1801 1337 1853 rhetor
1345 1805 1430 1866 poenit
1439 1803 1603 1868 Athenagorae
1614 1825 1634 1854 ν.
1707 1805 1801 1872 intua:

1061 1889 1086 1940 si
1098 1889 1172 1940 etiam
1185 1890 1270 1940 rhetor
1285 1890 1375 1956 [octus
1393 1904 1437 1955 per
1448 1890 1587 1952 somnium,
1601 1891 1701 1943 tuemur
1714 1895 1802 1944 ιιειοιιιι

1093 1977 1114 2028 ai
1127 1991 1186 2028 vero
1197 1977 1268 2042 vigil,
1282 1978 1387 2028 eit-satia
1400 1999 1412 2022 ι
1424 1980 1509 2030 Posuit
1520 1980 1689 2045 Athenagorae.
1701 2003 1711 2024 ν

1338 2124 1390 2170 151.
1415 2130 1573 2173 ΔΝΟΝῊΙΙ.

1063 2260 1176 2312 ιιιιοιοείο
1187 2260 1242 2311 heae
1256 2260 1336 2326 imago
1349 2281 1355 2310 ι
1368 2261 1453 2311 rhetor
1462 2274 1534 2321 uero,
1544 2259 1653 2324 imaginis
1661 2261 1737 2324 imago.

1094 2352 1124 2400 Et
1137 2349 1278 2415 quomodo?
1288 2351 1342 2400 Non
1352 2349 1474 2413 inuritur,
1484 2350 1517 2399 nil
1528 2349 1639 2400 similius.

1345 2497 1397 2541 151.
1414 2492 1565 2542 autharit.

1064 2631 1089 2681 Si
1099 2630 1137 2682 ria
1149 2645 1253 2696 poenam
1267 2631 1396 2684 instituere
1405 2630 1544 2692 rhetorem,
1554 2632 1641 2690 Paule,

1096 2722 1124 2770 ut
1137 2718 1178 2769 iuti
1190 2732 1289 2782 ornnes,
1302 2720 1423 2770 elementa
1434 2732 1466 2770 ne
1476 2719 1565 2770 discat.

1352 2864 1404 2911 153.
1422 2861 1568 2911 Luctum.

1064 3002 1123 3053 Esse
1135 2999 1236 3064 quidem
1248 2999 1366 3064 cynicum
1377 3003 1412 3062 te,
1425 3003 1581 3062 Menestrate,
1591 3002 1617 3050 et
1625 2998 1802 3064 pedihusnudun,

1097 3092 1122 3139 et
1136 3089 1225 3154 rigere,
1238 3103 1310 3140 nemo
1318 3089 1480 3140 infitias-ierit
1492 3090 1607 3140 omnino:

1065 3177 1109 3228 sed
1119 3177 1140 3228 si
1152 3177 1255 3241 surripis
1267 3191 1341 3242 panes
1352 3181 1379 3227 et
1390 3177 1495 3227 ιιυοιυια
1505 3176 1674 3240 sine-pudore,

1096 3269 1121 3316 et
1134 3280 1178 3331 ego
1191 3265 1306 3317 baculum
1320 3265 1414 3327 trohen,
1427 3270 1453 3315 et
1462 3267 1487 3316 te
1501 3264 1588 3316 dicuni
1600 3279 1688 3316 cahem.

1339 3410 1392 3455 15⁴.
1416 3417 1571 3460 EJUSDEH.

1065 3545 1221 3609 Quicumque
1233 3547 1272 3599 eat
1282 3545 1409 3600 mendicus
1420 3549 1446 3597 et
1458 3545 1599 3608 illiteratus,
1610 3559 1658 3596 οοιι
1666 3544 1711 3606 iam
1718 3542 1780 3597 notit.

1097 3635 1124 3682 ut
1133 3633 1218 3694 antea,
1229 3645 1309 3696 neque
1317 3632 1382 3684 tollit
1391 3646 1466 3684 onera
1473 3633 1699 3698 parra-mercedula
1711 3652 1716 3680 ε

1066 3721 1110 3771 sed
1122 3721 1200 3772 auoit
1210 3721 1325 3781 barbani,
1336 3723 1361 3778 et
1370 3734 1384 3772 e
1393 3721 1466 3772 trivio
1475 3721 1568 3786 lignum
1580 3720 1728 3778 uhi-suutuiit,

1099 3808 1198 3859 virtutis
1208 3822 1264 3860 esee
1277 3809 1338 3859 dicit
1348 3809 1531 3873 orimus-cauis.

1099 3973 1165 4020 Curi
1174 3971 1230 4036 quia
1245 3986 1293 4020 uon
1309 3971 1423 4036 loquitur.
1435 3972 1475 4020 1111
1488 3971 1560 4035 nangis
1573 3971 1696 4020 estsimiie.

1358 4083 1413 4132 152.
1434 4099 1558 4133 κιιιιιιιιι.

1067 4179 1161 4230 institui
1173 4196 1275 4247 puerunt
1285 4181 1306 4231 εἰ
1319 4181 1353 4230 ris
1364 4181 1498 4244 arhetore,
1511 4182 1597 4242 Paule,

1100 4264 1141 4314 Nil
1154 4264 1215 4329 tegat
1231 4280 1238 4314 ι
1254 4263 1351 4313 illorum
1363 4263 1540 4313 morediuertus
1555 4265 1611 4314 erit.

1356 4382 1411 4456 1¹5³.
1429 4396 1549 4430 uucruurr.

1066 4487 1119 4537 Diei
1132 4495 1157 4538 te
1168 4489 1298 4554 Cynicum,
1312 4489 1467 4555 pedibusque,
1479 4490 1641 4548 Meneatmte,
1653 4481 1715 4532 nodie

1076 4565 1083 4576 '
1098 4575 1148 4627 Ire,
1163 4572 1281 4638 simulque
1293 4573 1330 4621 uri
1343 4571 1444 4636 frigore,
1458 4586 1529 4620 nemo
1541 4578 1614 4619 vetat.

1066 4653 1111 4702 Sed
1130 4653 1149 4703 si
1164 4654 1238 4703 frusta
1250 4654 1313 4720 rapis
1327 4655 1405 4718 posito
1418 4667 1552 4719 panemque
1564 4651 1661 4716 pudore,

1100 4741 1140 4786 Est
1152 4747 1176 4786 et
1189 4737 1254 4801 virga
1266 4736 1341 4796 mihi,
1355 4746 1429 4800 tuque
1439 4751 1525 4784 rorare
1537 4732 1611 4783 οειιίο.

1362 4854 1418 4909 15t.
1436 4868 1550 4899 εισεονιι.

1066 4953 1114 5018 Qui
1124 4969 1169 5002 nee
1181 4952 1238 5016 soit,
1250 4950 1392 5010 nechabet,
1405 4967 1453 5000 nou
1465 4949 1515 5015 jam
1527 4949 1636 4999 mercede
1647 4961 1687 5012 per
1695 4941 1762 4992 ιιιΙιειι
1850 4957 1851 4972 ι

1100 5041 1155 5088 Fert
1165 5053 1238 5097 onus,
1248 5046 1288 5086 aut
1301 5035 1408 5086 scabram
1421 5044 1508 5094 uersat,
1520 5043 1547 5084 υι
1558 5043 1622 5091 ante,
1634 5029 1711 5079 moiun
1723 5039 1729 5074 ι

1066 5121 1111 5170 Sed
1121 5119 1232 5170 baculum
1243 5135 1350 5181 sumens,
1360 5128 1385 5168 et
1396 5119 1461 5168 aiens
1473 5118 1501 5166 ad
1519 5125 1616 5182 uectore
1630 5111 1734 5179 turham,

1099 5203 1203 5254 Virtutis
1215 5204 1306 5270 primus
1315 5203 1427 5270 praedicat
1441 5218 1491 5251 ease
1500 5201 1574 5251 conia.
