3878 5912
194 420 233 478 aa
670 388 675 399 ’
753 421 1009 486 suanensem:
1031 419 1235 480 catarrum

233 550 369 632 πρόρριζον
380 550 457 628 γαίης
471 549 601 618 ἐξεκύλισε
617 550 701 620 νότος·

194 637 264 696 ἔνθεν
279 643 339 705 ναύς
354 640 483 716 γενόμην,
497 638 601 715 οίνίμοις
614 641 693 700 πόλιν
708 641 775 722 όρρα
790 644 933 723 μόχωμαι.

232 724 377 806 Ἄνθρωποι
394 726 492 803 τόλμης
507 727 536 785 ού
552 751 614 788 ποτε
631 729 790 804 φειδόμενοι,

444 868 503 918 132.
524 871 722 920 institutori.

192 988 351 1069 Σωρροσύνη
364 991 409 1048 καὶ
421 989 508 1069 Ἔρως
521 993 687 1052 κατεναντίον
702 994 854 1064 ἀλλήλοισιν

231 1077 345 1146 ἐλθόντες
360 1078 447 1159 ψυχὰς
461 1077 563 1138 ὤλεσαν
580 1082 732 1160 ἀμφότεροι·

191 1167 312 1244 Φαίδρην
328 1164 375 1243 μὲν
388 1176 488 1226 κτεῖνεν
500 1171 605 1246 πυρόεις
619 1168 696 1235 πόθος
711 1169 894 1230 Ἱππολύτοιο·

232 1253 391 1315 Ἱππόλυτον
401 1257 424 1314 δ’
439 1255 505 1333 ἁγνὴ
522 1256 603 1337 πίρνε
617 1257 794 1337 σαοφροσύνη.

469 1397 529 1446 183.
551 1399 692 1445 touton.

192 1515 225 1577 Ιίἴ
237 1539 276 1582 τις
289 1513 360 1584 ἅπαξ
371 1515 459 1594 γήμας
473 1518 537 1577 πόλι
550 1520 656 1599 δεύτερα
670 1519 769 1600 λίκτρα
785 1522 889 1595 διώκει,

228 1604 340 1681 ναυηγθς
355 1604 439 1665 πλώει
454 1607 491 1673 δλς
507 1607 584 1685 βυθόν
599 1608 739 1690 ἀργαλέω.

421 1750 487 1813 aar,
510 1753 569 1802 raa.
598 1755 736 1803 aennon.

96 1931 98 1942 ,
189 1871 298 1947 Ἐλπίς,
312 1874 358 1933 καὶ
374 1875 406 1934 σθ
419 1874 515 1954 Τύχη,
528 1876 596 1954 μέγα
609 1878 728 1958 χαίρετε·
744 1877 791 1949 τὴν
805 1881 863 1938 ὁδὸν
879 1871 969 1958 εὕρον·

185 1960 275 2020 ούκίτι
292 1961 343 2043 γὰρ
359 1964 493 2046 σρετίροις
512 1964 699 2044 ίιτιτίρπομαι.
742 1969 854 2050 'lippae
870 1970 967 2050 ἄμρω,

187 2049 290 2109 οὕνεκεν
306 2053 332 2108 lu
348 2053 491 2132 μερόπεσσι
505 2055 683 2122 πολυπλανὲες
698 2056 770 2132 μάλα
785 2057 853 2115 ἐστί.

186 2131 278 2198 Ὄσσα
293 2139 346 2218 γθρ
362 2141 490 2221 ἀτρεκέως
503 2144 551 2201 οὐκ
567 2141 688 2218 ἔσσεται,
702 2147 786 2220 ὔμμες
803 2147 829 2202 ἐν
844 2147 907 2220 ἡμῖν

145 2251 159 2288 s
185 2223 330 2302 ρόσματα,
349 2231 384 2294 ὡς
397 2227 488 2308 ὕπνῳ,
503 2228 663 2307 ἐμύόλλετε,
678 2223 745 2290 οἷοίτ’
760 2232 845 2294 ἐόντα.

185 2307 267 2394 'Epic
280 2314 349 2385 κακὴ
362 2315 463 2392 γλήνη,
476 2318 639 2377 πολυώθυνε·
653 2319 744 2400 ἔρρετε
759 2321 850 2398 ἄμφω.
902 2375 904 2378 .

186 2401 317 2475 Παίζοιτ’,
332 2402 385 2484 είγε
400 2406 516 2478 θελοιτε,
531 2405 606 2474 ὅσους
619 2410 682 2482 ἐμεῦ
692 2407 799 2488 ὕστερον
813 2409 889 2478 ὄντας

185 2489 280 2572 εὕροιτ’
295 2495 323 2551 οθ
339 2491 457 2559 ναίοντας
468 2494 531 2572 ὅπερ
547 2495 619 2570 θέμις
633 2497 689 2554 ἐστὶ
702 2504 806 2569 νοῆσαι.

185 2578 326 2659 Ἀτρεκὲως
340 2581 414 2656 μα’λα
428 2592 494 2641 πᾶσι
507 2583 593 2656 πλαίνη
614 2585 691 2664 Τύχη
706 2587 764 2644 ἐστὶ
781 2587 928 2664 βροτοῖσιν·

134 2688 157 2726 ιο
185 2665 239 2726 ἐστί
253 2667 304 2747 γθρ
319 2669 432 2748 ἀδρανίη
442 2718 449 2745 ,
459 2671 489 2730 τὸ
500 2672 522 2728 θ’
534 2673 657 2731 ἐπιπλίον
669 2675 726 2733 οὐδὲ
741 2678 865 2736 πίλουσα.

462 2833 527 2883 136.
557 2824 696 2885 ΚΥΡΟΥ.

185 2956 249 3016 Aius
265 2957 354 3039 πατήρ
370 2963 397 3032 μ’
414 2960 513 3030 ἐδίδαξε
528 2961 673 3042 δασύτριχα
687 2966 762 3038 μῆλα
774 2964 907 3040 νομεύειν,

184 3045 219 3112 ὥς
235 3069 279 3104 κεν
294 3047 345 3106 ὕπὸ
356 3047 484 3127 πτελίῃσι
499 3049 658 3126 καθήμενος,
674 3049 754 3121 ἢθπθ
772 3052 870 3132 πέτρης

187 3131 317 3212 συρίσθων
335 3135 493 3212 καλοίμοισιν
510 3137 574 3212 ἐμός
592 3137 734 3218 τέρπεσκον
752 3139 836 3207 ἀνίας.

190 3220 322 3300 Πιερίδες,
337 3221 475 3302 φεύγωμεν
495 3225 651 3301 ἐϋκτιμένην
663 3227 755 3284 πόλιν·
770 3228 851 3301 οίλλην

184 3306 299 3385 πατρίδα
315 3309 518 3386 μαστεύσωμεν.
563 3311 732 3391 Ἀπαγγελίω
748 3316 770 3372 θ’
784 3314 836 3393 ἄρα
848 3325 928 3374 πᾶσιν

184 3397 219 3458 ὡς
233 3393 303 3454 dieat
319 3401 432 3478 κηφῆνες
449 3399 611 3470 ἐδηλήσαντο
627 3403 762 3477 μελίσσας.

391 3545 458 3594 13λ.
483 3537 766 3598 ΓΡΑΜΜΑΤΙΚΟΥ

290 3656 350 3711 τινός
362 3657 478 3719 ἡμιξήρου
495 3659 551 3720 πρὸς
563 3658 679 3722 Ἁδριανὸν
693 3660 733 3708 τὸν
748 3661 856 3722 βασιλέα,

181 3771 286 3849 ἽΙμισύ
302 3798 351 3850 μου
365 3774 491 3848 τέθνηκε,
504 3775 535 3835 ri
545 3778 568 3834 δ’
583 3776 666 3854 ἥμισυ
681 3777 758 3852 λιμός
770 3779 887 3858 ίλίγχεν

216 3948 243 3992 ln
257 3945 355 3994 summis
368 3953 471 3995 stantem
486 3947 608 3996 montibus
621 3948 657 3996 ira
670 3948 732 3998 nati.

183 4029 254 4075 Facta
269 4026 327 4076 ratis
338 4042 433 4076 rursum
442 4027 531 4093 jubeor
545 4035 639 4079 certare
650 4029 762 4094 procellis
775 4045 782 4079 ι
871 4041 881 4088 t

216 4110 238 4155 0
250 4115 359 4157 metuens
372 4106 498 4158 hominum
513 4110 579 4159 nulla
592 4109 682 4176 pericla
695 4115 782 4175 genus!

474 4230 530 4278 132.
555 4245 667 4279 ιιισειττ.

181 4326 240 4373 Sunt
253 4323 350 4373 adversa
362 4323 407 4373 silai
423 4325 584 4391 puderetque
598 4342 666 4376 amor
681 4341 687 4377 τ
701 4335 727 4376 et
738 4335 817 4376 tamen
829 4327 900 4376 ambo

214 4405 322 4455 Exitium
334 4416 421 4456 eventu
433 4423 495 4474 saepe
507 4409 584 4458 tulere
600 4409 661 4475 pari.

182 4487 313 4554 Hippolyto
325 4498 429 4538 mortem
441 4505 520 4540 mures
532 4491 640 4541 tribuere
652 4491 728 4540 severi
741 4507 748 4542 z

215 4569 341 4636 Hippolyti
353 4571 395 4620 sed
408 4579 446 4631 te,
460 4570 573 4628 Phaedra.
589 4573 692 4639 peremit
703 4588 781 4623 amor.

484 4689 538 4737 133.
558 4703 669 4735 rrcrarr.

181 4783 265 4832 Altera
281 4785 387 4850 quisquis
399 4787 449 4836 adit
462 4786 599 4846 connubia,
613 4801 656 4851 par
671 4785 745 4846 facit,
756 4802 784 4841 ae
795 4787 816 4836 si

214 4866 346 4931 Naufragus
359 4883 479 4938 aequoreas
492 4883 571 4934 puppe
583 4877 687 4917 retentet
701 4883 782 4933 aquas.

475 4987 529 5041 134.
551 5001 675 5034 τιιιαυιε.

182 5084 246 5130 Vera
259 5091 356 5147 reperta
371 5081 408 5131 ria
420 5092 456 5132 est
472 5100 478 5133 τ
493 5086 551 5149 Spes
564 5092 589 5133 et
603 5087 708 5134 Fortuna
723 5083 799 5133 valete
814 5100 820 5134 :

182 5167 219 5214 lte
232 5164 316 5230 procul
330 5180 336 5214 :
353 5164 387 5215 nil
399 5181 437 5214 me
448 5176 484 5216 tot
495 5167 579 5232 gaudia
594 5177 670 5216 restra
684 5177 817 5230 morantur,

182 5249 251 5299 Unde
264 5249 329 5298 venit
340 5249 428 5299 multus
441 5251 533 5301 miseris
547 5251 689 5301 mortalibus
702 5268 780 5302 error.

1052 561 1265 626 cumipse-radice
1279 564 1343 612 turra
1355 561 1448 612 erulrit
1460 565 1551 622 Notus;

1019 651 1076 702 inde
1090 652 1159 702 navis
1170 651 1250 712 erasi,
1261 651 1406 701 cum-rentis
1420 664 1520 700 rursum
1535 653 1564 701 ut
1582 665 1697 717 pugnem.

1052 739 1197 790 Ohomincs
1208 737 1318 790 audaciae
1328 751 1377 787 non
1395 751 1503 800 unquam
1521 739 1601 802 parci!

1294 880 1344 926 132.
1367 887 1529 931 attonitu.

1019 1014 1138 1066 Modestia
1150 1017 1176 1065 ct
1188 1017 1264 1062 Amor
1275 1012 1372 1062 ebriam
1386 1013 1551 1064 sibi-invicem

1049 1104 1171 1169 progressi
1184 1103 1249 1154 ritas
1261 1101 1421 1166 perdiderunt
1430 1103 1502 1153 ambo
1516 1121 1522 1152 ι

1018 1191 1148 1242 Phaedram
1158 1190 1258 1255 quidem
1267 1190 1389 1241 interfecit
1403 1190 1492 1242 ardens
1501 1205 1571 1242 amor
1586 1192 1724 1257 Hippolyta

1049 1281 1208 1345 Hippolytum
1219 1291 1277 1329 vero
1288 1281 1358 1328 casta
1370 1279 1496 1329 interemit
1509 1280 1638 1330 modestia.

1300 1416 1350 1462 133.
1375 1423 1516 1467 luceant.

1019 1547 1044 1596 si
1060 1547 1117 1610 quis
1134 1548 1210 1598 semel
1228 1547 1476 1611 marituequi-fuerat
1493 1558 1579 1594 rursus
1593 1541 1700 1594 secunda
1713 1541 1804 1593 cubilia

1047 1633 1181 1698 naufragus
1197 1635 1298 1699 navigat
1309 1635 1348 1685 bis
1359 1633 1478 1698 gurgitem
1490 1629 1648 1680 horrendum.
1682 1629 1801 1692 [appetit‚

1263 1769 1316 1826 τοι,
1337 1771 1389 1816 tas.
1413 1775 1550 1817 racenrr.

1014 1914 1090 1974 Spes,
1101 1913 1126 1960 et
1138 1911 1166 1960 tu
1178 1912 1298 1973 Fortuna,
1310 1909 1380 1959 valde
1390 1908 1485 1959 valete:
1501 1908 1566 1957 riam
1578 1907 1675 1966 iuream

1013 1999 1175 2062 nunamplius
1183 1998 1248 2048 enim
1256 1998 1344 2048 restris
1359 1997 1476 2048 delector.
1487 1996 1610 2046 incessite
1618 1995 1708 2054 ambae.

1013 2087 1081 2151 quod
1102 2086 1167 2137 inter
1183 2087 1295 2136 homines
1313 2085 1704 2136 multorum-errorum·auctores
1728 2083 1799 2146 plane

1012 2181 1180 2238 Quaecumque
1194 2176 1259 2226 enim
1268 2188 1383 2225 serenan
1393 2175 1474 2234 erunt,
1484 2185 1624 2223 eorumros
1633 2172 1704 2221 nubis
1714 2171 1800 2235 [estis.

1013 2264 1157 2327 phasmate,
1170 2263 1239 2312 refut
1253 2266 1281 2312 in
1300 2275 1399 2325 somno,
1417 2261 1518 2326 injicitis
1528 2299 1535 2322 ‚
1545 2262 1663 2323 tanquam
1677 2261 1769 2310 essent.

1014 2356 1109 2415 Apage,
1121 2351 1186 2402 male
1200 2349 1567 2415 pupa,multl-doloris·causa;
1580 2347 1694 2398 facessite
1708 2347 1800 2398 ambce.

1014 2439 1117 2499 Ludite,
1132 2440 1154 2490 si
1165 2439 1256 2500 vultis,
1266 2452 1329 2502 quos
1339 2443 1395 2503 post
1408 2452 1448 2488 me
1458 2439 1555 2488 futurus

1015 2526 1158 2578 inveneritis
1169 2541 1218 2576 nnn
1230 2540 1259 2577 ea
1272 2527 1406 2590 cogitantes
1420 2539 1476 2588 quaa
1492 2526 1529 2574 fas
1538 2526 1577 2574 est
1584 2524 1702 2588 cogitare.

1016 2618 1079 2665 Vere
1088 2615 1187 2679 penitus
1197 2615 1311 2664 amnibus
1321 2628 1390 2664 error
1399 2617 1507 2663 Fortuna
1516 2617 1554 2662 cst
1563 2612 1721 2669 mortalibus3

1015 2708 1053 2754 est
1066 2703 1131 2753 enim
1144 2703 1280 2767 impotens,
1298 2701 1348 2754 imo
1359 2703 1507 2765 plerumque
1519 2715 1550 2751 nc
1562 2705 1600 2751 est
1611 2699 1720 2763 quidem.

1328 2841 1380 2886 ίθθ.
1399 2837 1482 2885 ct’ttt.

1016 2974 1113 3024 Utinam
1129 2977 1199 3038 pater
1211 2987 1252 3024 me
1265 2973 1389 3024 docuisset
1400 2973 1500 3043 villosas
1510 2987 1569 3024 oves
1583 2975 1692 3037 pascere!

1017 3065 1045 3111 ut
1058 3062 1104 3111 sub
1119 3062 1192 3112 ulmis
1205 3063 1350 3122 considens,
1366 3065 1410 3113 aut
1424 3064 1470 3113 sub
1486 3063 1549 3112 saris

1015 3147 1147 3200 modulans
1163 3149 1263 3201 calamis
1275 3164 1344 3202 meos
1356 3151 1490 3202 mulcerem
1499 3165 1624 3201 maerores.

1015 3240 1136 3303 Pierides,
1152 3241 1274 3306 fugiamus
1286 3241 1484 3294 beneconditem
1502 3242 1603 3304 urbem,
1616 3241 1688 3292 aliam

1015 3331 1119 3394 patriam
1132 3344 1281 3394 quaeramus.
1314 3331 1499 3395 Nunciabojam
1513 3331 1628 3380 curribus

1015 3419 1084 3482 quod
1097 3419 1187 3469 funesti
1197 3418 1247 3470 tuci
1263 3420 1421 3484 perdiderunt
1430 3433 1496 3484 apes.

1265 3561 1317 3608 ist.
1339 3561 1540 3609 Gntntstartct

1066 3681 1184 3734 cujusdam
1198 3681 1306 3725 senrtstcci
1316 3692 1394 3726 versus
1404 3679 1433 3724 ad
1444 3680 1567 3726 adrianum
1580 3679 1749 3738 imploratorem,

1015 3792 1149 3843 Dimidium
1161 3795 1210 3845 mei
1222 3795 1311 3858 periit,
1327 3792 1457 3845 dimidium
1470 3807 1527 3843 vero
1541 3794 1618 3843 fames
1632 3793 1739 3843 euertit:

1012 3957 1074 4004 Nam
1087 3957 1152 4007 refut
1163 3957 1188 4005 in
1199 3956 1288 4006 somnis
1301 3971 1354 4022 quac
1365 3972 1414 4004 non
1426 3964 1481 4004 sunt
1493 3971 1543 4004 esse
1555 3963 1679 4019 putamus,

1011 4037 1050 4086 Sic
1064 4055 1107 4104 per·
1120 4056 1161 4089 vos
1175 4055 1256 4089 rerum
1272 4039 1351 4105 specie
1363 4055 1406 4088 nos
1421 4046 1499 4087 versat
1511 4039 1598 4102 imago.

1012 4124 1102 4169 Lumen
1117 4121 1156 4170 abi
1172 4122 1244 4172 fallax
1258 4122 1405 4187 plermmque
1418 4119 1557 4181 doloribus,
1570 4128 1594 4168 et
1607 4135 1647 4168 vos

1012 4207 1048 4251 ttc
1063 4203 1115 4253 duae
1128 4221 1134 4254 :
1151 4203 1250 4270 posthac
1262 4204 1315 4254 aliis
1327 4204 1438 4260 illudite,
1453 4201 1494 4269 qui
1507 4219 1555 4251 non

1011 4289 1095 4334 Mente
1109 4302 1150 4335 sua
1164 4296 1280 4347 teneant,
1292 4286 1382 4336 debent
1395 4301 1448 4350 quas
1462 4293 1543 4334 utente
1559 4284 1645 4333 teneri.

1283 4408 1338 4456 136.
1357 4421 1414 4452 erar
1431 4420 1523 4454 ιτιυιιι.

1011 4523 1067 4572 Osi
1087 4523 1208 4572 cristodem
1224 4522 1300 4570 teneri
1315 4520 1407 4570 lecisset
1421 4517 1491 4568 ovilis

1011 4609 1053 4654 Me
1065 4614 1143 4671 pater,
1156 4614 1183 4654 ut
1199 4603 1316 4653 recubans
1331 4602 1412 4666 aliquo
1424 4599 1469 4648 sub
1485 4609 1566 4648 monte
1579 4599 1615 4647 rel
1629 4599 1694 4647 ulmo

1011 4687 1123 4739 Inflarem
1138 4686 1242 4736 calamos
1253 4685 1364 4750 grauibus
1374 4683 1457 4732 solatia
1471 4682 1543 4731 curis.

1010 4769 1155 4836 Linquamus
1167 4770 1250 4836 patriae
1264 4769 1336 4830 fines,
1351 4778 1423 4833 atque
1434 4768 1525 4822 altera,
1536 4770 1626 4828 Music,

1010 4853 1100 4902 Moenia
1113 4867 1260 4917 quoemmus;
1273 4866 1377 4915 namque
1390 4849 1446 4911 laic,
1460 4848 1519 4897 sciat
1534 4848 1632 4896 ultimus
1646 4846 1724 4904 ornis,

1010 4935 1192 5001 Depopulautur
1205 4949 1277 5000 apum
1290 4932 1398 4981 scelerati
1411 4931 1499 4997 pabula
1516 4928 1573 4980 fuci·

1135 5055 1191 5114 137.
1209 5067 1257 5101 rao
1273 5065 1465 5110 στιτιειυεαιιτο,
1482 5049 1521 5114 qui
1538 5063 1672 5096 ιυιιιιεαιι

1182 5155 1352 5218 Imperatorem
1366 5147 1479 5196 alimento
1492 5142 1615 5212 poscebat.

1010 5256 1081 5301 Parte
1095 5248 1141 5299 mei
1157 5247 1218 5316 perii
1233 5263 1238 5298 :
1255 5263 1309 5315 pars
1324 5246 1398 5296 esurit
1412 5245 1502 5304 altera,
1517 5257 1585 5291 serra
