3878 5912
198 409 238 469 94
761 409 1016 472 Ah'lllOLOGlAE
1038 409 1240 470 PALATINAE

236 541 349 609 πολλοὺς
364 541 475 603 ἐκδώσει
486 553 539 608 τοῖς
555 552 658 622 μιαροῖς
673 543 818 618 στόμασιν·

195 627 264 690 ὥστε
277 631 328 710 χρὴ
340 631 385 689 τὸν
400 631 521 710 ἄριστον,
537 631 730 710 ἀπιχθαίροντα
742 631 861 705 δικαίως,

235 723 270 786 ὡς
285 718 401 787 κόλακας
413 729 499 794 μισεῖν
513 718 574 787 τοὺς
590 719 820 796 κολακευομένους.

284 869 352 922 120.
376 859 601 921 ΛΟΥΚΙΑΝΟΥ
622 858 895 919 induratum.

195 1001 303 1067 Φαῧλος
316 998 383 1078 αἰνήρ
396 999 470 1066 πίθος
485 997 542 1058 ἐστὶ
555 999 730 1080 τετρημένος,
745 1000 780 1065 εἰς
796 995 824 1058 θν
838 997 942 1064 άπάοας

237 1091 337 1147 ιἰντλῶν
351 1087 399 1155 τθις
415 1090 542 1168 χάριτας,
554 1089 589 1154 εἰς
606 1087 679 1146 κενθν
690 1086 801 1165 ἐξέχεας.

479 1231 539 1280 121.
561 1232 703 1280 hannon.

196 1353 327 1436 Σπάρτας
339 1356 385 1415 καί
398 1358 550 1433 Σαλαμῖνος
563 1357 616 1435 ἐγὼ
631 1357 710 1437 φυτὸν
724 1357 901 1438 ἀμφήριστον·

235 1445 320 1504 κλαίω
334 1448 357 1506 δ’
371 1444 467 1518 ἠϊθέων
483 1446 573 1528 ἔξοχον
585 1447 602 1520 ἢ
621 1448 781 1528 προμάχων.

302 1596 364 1648 122.
385 1599 591 1661 ruaznonon,
614 1588 638 1645 u
660 1586 687 1645 ιι
709 1567 883 1648 aranon<
970 1613 973 1621 ·

195 1710 266 1772 Ἀτθί
279 1711 345 1790 κόρα
364 1715 538 1794 μιλίθρεπτε,
554 1715 634 1784 λάλος
648 1717 729 1777 λάλον
744 1717 887 1800 ἁρπάξασα

235 1801 343 1880 τέττιγα
358 1812 467 1873 πτανοῖς
484 1805 563 1862 δαῖτα
583 1806 669 1885 φέρεις
682 1804 803 1878 τέκεσιν,

195 1888 239 1948 τθν
259 1889 339 1949 λάλον
354 1892 371 1950 dr
384 1891 535 1962 λαλόεσσα,
551 1892 595 1950 τόν
609 1893 735 1974 εὔπτερον
750 1893 943 1972 άπτερόεσσα,

235 1977 281 2036 τὸν
296 1976 365 2047 ξένον
381 1979 397 2036 ά
410 1977 494 2052 ξείνα,
506 1979 551 2039 τὸν
565 1981 664 2060 θερινὸν
679 1980 783 2062 θερινά,

197 2065 273 2142 κούχὶ
286 2066 367 2144 τάχος
384 2066 486 2147 ῥίψεις,
502 2067 531 2124 od
546 2065 597 2147 γὰρ
610 2067 699 2144 θέμις,
711 2071 770 2128 οὐδὲ
785 2068 904 2147 δίκαιον,

237 2152 343 2212 όλλιισθ
360 2153 523 2231 ὓμνοπόλους
535 2157 689 2231 ὑμνοπόλοις
701 2157 842 2233 στόμασιν.

224 2307 284 2358 raa.
306 2309 508 2373 ruarnoron,
531 2299 555 2354 ot
577 2293 605 2355 δὲ
626 2295 819 2356 ΛΡῺΝΙΔΟΥ
841 2295 956 2356 Alsa.

199 2431 250 2494 Ἐκ
264 2433 352 2505 θοίνης
369 2433 433 2515 ράος
448 2435 525 2515 ἔσχεν
539 2438 579 2495 ἐπ’
594 2433 697 2513 ἀχράδα
713 2433 800 2510 μηκάς
815 2436 905 2507 ἰοῦσα,

238 2521 269 2580 ἐκ
284 2521 307 2579 δ’
322 2522 404 2601 ἐφάνη
419 2523 519 2603 τυρλήν
535 2521 628 2599 μηκέτ’
642 2522 738 2601 ἔχουσα
754 2521 848 2600 κόρην·

199 2609 296 2668 δισσῶν
311 2609 359 2680 τήν
375 2609 465 2692 ἑτέρην
479 2611 530 2692 γάρ
544 2611 689 2688 ἐκέντρισεν
705 2608 762 2678 ὀξὺς
778 2609 894 2682 ιἰκάνθης

242 2698 310 2767 ὄζος.
353 2695 405 2760 'ld’
421 2702 456 2765 ὡς
469 2701 563 2779 τέχνης
578 2699 681 2778 δένδρον
693 2699 867 2779 ἐνεργότερον.

487 2841 548 2891 124.
570 2845 707 2892 ΑΔΗΔΟΝ.

201 2967 255 3028 Ποῖ
266 2966 366 3035 (lutto
379 2968 554 3048 πεπόρευταις
566 2966 647 3046 Ἄρης
658 2969 832 3046 ἀναμίγνυται
842 2969 945 3049 Δάφνη.

486 3113 548 3163 125.
569 3117 707 3162 ᾸΛΗΔΟΝ.

201 3235 357 3315 Θαρσαλέοι
375 3237 471 3297 Κελτοὶ
485 3241 599 3317 ποταμῷ
611 3240 740 3316 ζηλήμονι
751 3237 839 3318 Ῥήνῳ

205 3326 284 3384 τέκνα
300 3326 506 3402 ταλαντεύουοι,
523 3327 568 3384 καί
583 3328 612 3384 οὐ
627 3326 710 3405 πάρος
725 3327 775 3386 εἰσί
786 3331 893 3402 τοκῆες,

202 3411 264 3490 πρὶν
278 3412 341 3469 πάῐν
359 3412 495 3490 ἀθρήσωσι
506 3413 662 3490 λελουμένον
679 3415 755 3472 teau
768 3418 866 3494 σεμνῷ.

204 3491 280 3580 Aldu
297 3499 348 3578 γὰρ
363 3501 441 3570 ἡνίκα
459 3500 559 3579 μητρός
574 3502 715 3573 ὀλισθήσεις
728 3503 770 3560 διά
784 3503 889 3560 κόλπων

159 3609 163 3622 ¹
203 3587 334 3667 νηπίαχος
348 3592 450 3667 πρῶτον
465 3587 573 3668 προχέει
590 3588 689 3669 δάκρυ,
704 3590 747 3649 τὸν
768 3589 815 3665 μέν
832 3589 920 3670 ἀείρας

237 3733 317 3806 ΙΕνιίῑίο
330 3757 418 3806 multos
428 3757 516 3823 perlida
529 3758 609 3822 lingua
621 3757 698 3810 dalril.

203 3845 255 3895 tlos
270 3840 350 3907 lugere
363 3841 469 3890 olsrcium
480 3843 530 3891 seri
541 3843 655 3900 rectoris,
667 3854 692 3892 et
703 3843 772 3892 illum

238 3927 351 3987 Credere,
367 3926 409 3991 qui
422 3925 500 3976 lumos
515 3926 597 3976 rendit
608 3927 715 3992 emitque
731 3943 808 3992 pares.

410 4077 463 4111 120.
481 4079 586 4111 ructent
608 4077 794 4113 Sfflssffllllslfl.

206 4197 319 4244 Pertusus
332 4192 404 4245 cadus
415 4201 453 4243 est
464 4192 539 4243 homo
551 4211 600 4244 uon
615 4195 705 4262 probus
721 4212 728 4246 :
742 4195 820 4245 omnis
834 4195 859 4244 iu
874 4195 943 4244 illum

240 4278 301 4339 Qua
317 4275 404 4326 collata
416 4274 462 4325 luit
473 4277 562 4341 gratia,
574 4294 637 4328 vana
649 4278 720 4344 perit.

509 4426 564 4460 121.
585 4427 695 4464 rueram.

208 4542 301 4604 Arbor,
313 4543 343 4591 lis
355 4546 447 4609 Sparta
462 4542 493 4592 de
505 4559 553 4608 qua
566 4543 611 4593 luit
624 4554 648 4594 el
662 4545 790 4607 Salamini,

241 4629 313 4677 Nune
325 4628 439 4692 juvenem
451 4628 572 4692 egregium
585 4627 671 4677 Martis
684 4626 778 4677 honore
790 4637 851 4693 tego.

508 4781 563 4815 122.
582 4782 691 4815 lucrari.

210 4898 313 4965 Cecropi
328 4898 398 4946 dulce
412 4915 499 4948 sonans
511 4909 663 4950 resonantem
674 4900 744 4951 dulce
758 4902 863 4951 cicadam

243 4981 356 5047 Abripis‚
371 4991 396 5031 et
407 4982 478 5048 pullis
494 4982 541 5032 lars
553 4984 667 5034 alimenta
680 4985 735 5036 tuis.

209 5062 275 5129 Quid
288 5062 344 5114 lacis
355 5063 386 5112 ah
396 5068 407 5114 i
419 5074 489 5129 capla
502 5066 559 5130 quid
573 5067 611 5115 ari
624 5083 709 5133 precor
722 5067 814 5132 hospite
826 5069 913 5132 gaudes

245 5151 336 5212 Hospes
347 5147 411 5205 aris,
424 5163 496 5196 verna
511 5163 599 5204 verna,
614 5149 713 5214 loquace
724 5149 831 5214 loquar?

211 5230 277 5293 Quin
289 5229 337 5279 cilo
350 5228 470 5279 dimittis?
483 5238 547 5279 rates
561 5238 588 5280 ut
603 5231 698 5281 ratibus
712 5248 764 5280 esca

1056 552 1149 602 multos
1156 552 1237 602 tradet
1250 550 1354 615 impuris
1362 551 1460 605 ortuum

1025 655 1101 704 quare
1112 643 1209 704 oportet
1218 639 1352 703 optimum,
1367 639 1398 690 iis
1404 638 1614 703 jusleiurmicum
1724 640 1803 690 suun

1056 732 1085 780 ut
1093 728 1233 780 adulatores
1248 726 1331 778 odisse
1343 741 1386 778 eos
1397 724 1813 793 qui-adulationihwaurem-prae-

1194 869 1247 915 120.
1265 866 1394 916 LUCIANI
1409 867 1649 917 SAMOSATENSIS.

1026 1007 1107 1057 Malus
1120 1005 1158 1054 vir
1171 1004 1265 1056 dolium
1276 1007 1315 1056 est
1329 1007 1472 1068 pertusum,
1490 1005 1516 1055 in
1526 1004 1594 1068 quod
1606 1007 1708 1056 cunctas

1057 1093 1189 1146 inlundens
1201 1093 1305 1159 gratias,
1318 1094 1344 1143 in
1357 1107 1447 1144 vanum
1458 1093 1571 1144 effudisti

1315 1250 1368 1294 121.
1391 1250 1530 1292 luceant.

1028 1393 1124 1456 sparta
1134 1393 1160 1442 et
1173 1389 1300 1441 Salaurinis
1312 1402 1357 1454 ego
1370 1403 1469 1454 genuen
1477 1387 1763 1453 disputatum-utrimque
1776 1410 1782 1438 :

1059 1480 1107 1529 lleo
1118 1479 1238 1543 iuvenum
1250 1478 1481 1541 prestantissimum
1490 1481 1533 1529 aul
1540 1481 1756 1543 propugnatorum.

1203 1624 1255 1670 ιιι.
1278 1628 1445 1685 ειιοιινιιι,
1469 1615 1642 1668 uiisavanr.

1030 1751 1111 1802 Attica
1119 1750 1214 1814 puella,
1225 1746 1410 1810 melle-nutrita,
1417 1747 1515 1812 garrula
1525 1747 1647 1812 garrulam
1654 1751 1815 1812 quoa-raptam

1063 1837 1172 1888 cicadam
1182 1835 1325 1886 volucribus
1341 1833 1430 1899 dapem
1447 1834 1498 1886 lers
1511 1835 1597 1912 pullis,

1030 1925 1153 1989 garrrrlam
1164 1923 1280 1988 garrula,
1291 1922 1407 1986 aligeram
1422 1921 1527 1986 aligera,

1061 2013 1183 2077 hospitam
1195 2012 1299 2075 hospes,
1310 2009 1422 2060 estivam
1436 2011 1540 2060 aestiva?

1032 2105 1058 2154 et
1070 2116 1119 2152 non
1130 2099 1214 2152 statim
1227 2098 1353 2150 dimittes?
1366 2111 1414 2148 non
1423 2098 1489 2148 enim
1498 2099 1535 2148 las
1550 2099 1741 2162 csl,neque1us,

1062 2191 1142 2255 perire
1155 2191 1268 2238 cantores
1279 2190 1409 2236 cantorum
1426 2186 1520 2239 oribus.

1313 2343 1366 2390 123.
1388 2345 1542 2391 anonam.

1033 2488 1069 2536 De
1083 2487 1155 2549 pastu
1168 2484 1251 2535 lucem
1262 2485 1350 2537 habuit
1359 2485 1390 2536 ad
1398 2485 1531 2550 pirastrum
1540 2497 1614 2548 capra
1623 2483 1751 2546 accedens,

1063 2577 1139 2636 atque
1151 2574 1264 2638 apparuit
1273 2587 1365 2624 caecam
1376 2588 1426 2624 non
1433 2574 1484 2636 jam
1495 2571 1588 2622 hahens
1600 2572 1717 2636 pupillam
1732 2591 1738 2620 ι

1034 2660 1141 2711 duarum
1155 2662 1255 2711 alteram
1268 2662 1333 2711 enim
1345 2661 1450 2725 pupugit
1463 2663 1554 2710 acutus
1570 2659 1648 2723 spinas

1064 2763 1154 2800 ramus.
1189 2749 1251 2800 Vide
1267 2752 1296 2799 ut
1311 2753 1364 2798 arte
1377 2749 1491 2799 arhorsit
1505 2747 1637 2798 efficacior.

1316 2883 1368 2930 124.
1391 2889 1528 2930 thEllTl.

1034 3014 1089 3069 Quo
1104 3009 1212 3060 l‘hoebus
1225 3009 1286 3060 abiit
1295 3012 1379 3060 mars
1393 3007 1551 3072 congreditur
1560 3009 1678 3071 Daphnai.

1322 3135 1375 3182 125.
1397 3141 1535 3185 lucrari.

1033 3247 1148 3299 Audaces
1161 3249 1239 3299 Cella
1249 3249 1349 3299 llumine
1359 3249 1470 3312 zelotypo
1478 3247 1563 3297 Rheno

1034 3317 1125 3400 pueros
1141 3337 1253 3400 probant,
1269 3342 1295 3389 et
1308 3351 1355 3387 non
1368 3338 1438 3402 prius
1448 3339 1506 3388 sunt
1519 3339 1602 3399 patres

1036 3439 1111 3488 quam
1126 3426 1203 3475 hlium
1215 3426 1322 3476 uiderint
1335 3427 1446 3477 lavatum
1456 3438 1519 3489 aqua
1531 3423 1677 3475 ueneranda.

1036 3511 1125 3560 Statim
1141 3511 1207 3560 euim
1218 3525 1297 3574 quum
1307 3511 1394 3561 matris
1406 3511 1536 3574 prolapsus
1544 3523 1588 3573 per
1600 3509 1681 3559 sinum

1037 3597 1118 3648 infans
1127 3599 1230 3662 primam
1242 3598 1322 3650 fundit
1333 3599 1469 3660 lacrimam,
1481 3598 1547 3648 lrunc
1556 3598 1681 3648 sublatum

1068 3758 1137 3822 riu,
1150 3757 1174 3807 id
1188 3758 1252 3808 haud
1269 3774 1388 3825 quaquam
1399 3759 1454 3824 jura
1469 3759 1584 3825 piumque
1595 3760 1685 3809 sinum.

1307 3891 1363 3940 12³.
1382 3889 1553 3956 [enarrarem]

1038 4018 1116 4083 Capra
1127 4017 1209 4084 pirum
1220 4017 1316 4067 subiens
1329 4016 1364 4067 ibi
1378 4019 1486 4084 repperit
1498 4035 1528 4069 cx
1541 4019 1602 4086 dape
1614 4020 1706 4083 lucem,

1070 4104 1123 4150 lloc
1134 4110 1242 4167 spectans
1254 4101 1324 4151 oculo
1336 4102 1379 4167 qui
1390 4104 1463 4152 modo
1476 4119 1551 4153 caecus
1563 4115 1623 4155 erat.

1038 4188 1143 4234 Punctua
1157 4185 1221 4234 enim
1235 4186 1303 4251 spina
1313 4186 1382 4236 tectis
1391 4203 1422 4236 ex
1436 4187 1535 4237 orbibus
1547 4189 1609 4238 alter

1071 4266 1195 4325 Panditur,
1209 4277 1233 4316 et
1249 4268 1340 4318 medice
1353 4269 1407 4335 plus
1419 4270 1483 4318 valet
1498 4270 1572 4319 arhor
1586 4288 1640 4337 ope.

1339 4411 1395 4461 rat.
1414 4420 1530 4470 ructari,

1238 4520 1261 4568 in
1278 4524 1381 4570 Laurum
1397 4523 1476 4572 securi
1489 4525 1625 4592 precisum.

1038 4654 1107 4702 Tunc
1120 4651 1161 4702 ubi
1178 4650 1282 4701 l'hmhus
1296 4663 1366 4717 crat,
1377 4670 1432 4704 cum
1445 4656 1566 4724 Daphnen
1579 4659 1726 4726 opprimeret
1742 4663 1825 4710 Mars?

1340 4788 1396 4838 125.
1415 4805 1527 4840 rncrnrr.

1040 4905 1107 4954 Cella
1123 4902 1188 4954 ferox
1201 4912 1296 4971 partum
1307 4906 1421 4956 ledarum
1434 4908 1527 4959 vindice
1541 4910 1627 4961 Rheno

1041 4988 1171 5054 Explorat‚
1186 4989 1314 5054 genitoque
1328 5006 1414 5056 parens
1428 4992 1493 5058 prius
1508 5009 1557 5043 esse
1572 5005 1679 5053 recanat,

1042 5073 1121 5133 Quam
1139 5071 1217 5120 rideat
1230 5072 1292 5121 sacri
1306 5073 1434 5123 lustratum
1452 5075 1558 5125 lluminis
1569 5075 1642 5128 unda.

1042 5157 1104 5203 llam
1120 5154 1264 5221 simulatque
1279 5157 1357 5207 iulans
1369 5170 1477 5210 materna
1494 5161 1574 5228 lapsus
1589 5161 1620 5214 ab
1631 5163 1685 5213 also

1019 5243 1025 5296 Ι
1044 5240 1093 5286 Ore
1109 5237 1162 5286 rudi
1175 5238 1265 5304 primos
1277 5239 1348 5291 fletus
1363 5242 1426 5304 ciet,
1439 5242 1489 5309 ipse
1501 5244 1643 5309 rubentem,
