3780 5920
727 407 985 468 ANTHOLOGIAE
1008 403 1212 466 PALATINAE

389 551 457 600 199.
476 540 727 600 lil'lNAl'Ol‘Ol'.

476 668 514 723 Εἰς
528 669 554 716 τὸ
567 666 632 716 αὐτό.

209 780 263 840 Καὶ
274 784 350 840 κλαῖε
363 786 408 838 καὶ
421 781 543 852 στέναζε,
557 781 725 860 συσφιγχθεὶς
737 791 824 861 χεροῖν

205 868 338 941 τένοντας,
353 857 376 928 οῦ
393 867 525 928 ’πίῦουλε·
537 870 597 929 τοῑά
611 893 652 928 τοι
668 871 773 950 πρέπει.

205 958 265 1018 Ούιι
279 955 360 1018 έσθ’ὁ
376 956 475 1016 λύσων·
489 956 528 1035 μὴ
543 957 627 1018 'ieris'
640 960 786 1020 ὑπόῦλεπε.

205 1045 290 1114 Αὐτὸς
301 1046 352 1126 γάρ
365 1046 452 1106 ἄλλων
465 1049 495 1106 ix
509 1047 557 1125 μδν
572 1048 700 1123 ὀμμάτων
717 1049 799 1128 δάκρυ

204 1129 325 1215 έθλιψας,
340 1137 365 1193 ἐν
380 1124 407 1193 δὲ
420 1135 501 1214 πικρὰ
519 1135 613 1216 καρδίφ
630 1136 694 1215 βέλη

207 1222 290 1294 πήξας
304 1223 426 1304 ἀφύκτων
442 1225 478 1285 l'ov
496 1224 604 1292 έσταξας
620 1223 722 1298 πόθων,

204 1309 308 1392 Ἔρως·
320 1311 354 1370 rit
368 1317 469 1383 isaurius
486 1313 509 1372 δ’
523 1313 580 1372 ἐστί
595 1336 636 1372 σοι
648 1313 729 1391 γέλως
743 1314 797 1395 άχη

206 1400 334 1465 πέπονθας
348 1392 380 1459 οῦ
393 1400 492 1480 ἔρεξας.
510 1401 619 1461 'Eritis
634 1405 651 1472 ἡ
666 1401 736 1474 δίκη.

426 1559 495 1610 200.
520 1550 689 1610 ttosxot'.

398 1694 439 1748 Εἰς
452 1693 547 1756 Ἔρωτα
559 1693 709 1756 ἀροτριῶντα,

164 1814 302 1891 Λαμπάδα
316 1816 367 1882 θεὶς
379 1815 424 1874 καὶ
438 1815 514 1889 τόξα,
526 1817 651 1895 βοηλάτιν
664 1814 749 1876 εἵλετο
764 1815 860 1896 ῥάόδον

205 1893 280 1970 οῦλος
293 1897 393 1984 Ἔρως,
406 1903 495 1984 πήρην
509 1908 532 1963 δ’
548 1895 603 1986 εἶχε
617 1906 801 1982 κατωμαδίην·

165 1990 212 2048 καὶ
225 1988 314 2059 ζεύξας
327 1993 471 2072 ταλαεργὸν
487 1992 536 2051 ὑπὸ
551 1993 625 2072 ζυγὸν
640 1992 738 2071 αὐχένα
753 1991 854 2072 ταύρων

206 2079 323 2158 ἔσπειρεν
338 2086 423 2152 Δηοῦς
437 2079 540 2140 αύλακα
551 2081 705 2162 πυροφόρον.

166 2156 235 2228 liius
249 2169 273 2226 δ’
284 2169 339 2228 άνω
353 2169 452 2250 βλέψας
465 2173 536 2248 αὐτῷ
547 2166 604 2231 Διΐ·
616 2199 627 2220 ι
641 2173 748 2243 λλλῆοον
763 2171 887 2252 ἀρούρας,

208 2255 245 2331 μή
258 2280 287 2315 σε
299 2256 342 2317 τδν
359 2258 489 2338 Εὐρώπης
504 2263 565 2336 βοῦν
579 2262 624 2319 ὑπ’
640 2259 738 2340 ἄροτρα
753 2260 837 2338 βάλοι.
852 2289 864 2312 ν

267 2417 335 2466 tot.
359 2407 561 2467 Muvttttov
583 2408 866 2467 ΣΧΟΛΑΣΤΙΚΟΥ.

378 2547 417 2600 Εἰς
432 2545 529 2610 Ἔρωτα
541 2545 738 2607 ἐστεφανωμένον.

165 2679 224 2738 Ποῦ
238 2699 279 2735 σοι
290 2675 361 2744 τόξον
376 2678 459 2734 έκεῖνο
472 2675 638 2748 παλίντονον,
653 2674 680 2734 οἵ
692 2679 715 2734 τ’
729 2675 780 2734 tei
795 2683 849 2736 σεῖο

176 2783 181 2792 ’
203 2763 365 2843 πηγνύμενοι
379 2764 498 2840 μεοάτην
512 2765 538 2830 ές
552 2765 662 2841 κραδίην
678 2765 799 2838 δόνακες;

165 2857 217 2912 ποῦ
231 2851 329 2930 πτεράς
346 2856 397 2910 ποῦ
412 2850 521 2926 λαμπὰς
534 2851 716 2928 πολυώδυνος;
732 2853 757 2919 ές
771 2852 797 2909 τί
811 2851 838 2910 δὲ
854 2851 948 2930 τρισσδι

204 2940 346 3017 στέμματα
353 2939 444 3020 χερσὶν
457 2942 534 3020 ἔχεις,
545 2939 623 3018 κρατὶ
637 2941 662 2998 δ’
675 2939 717 2998 ἐπ’
729 2941 794 2998 ἄλλο
805 2939 949 3020 φέριιςς-

110 3035 138 3114 [ι
164 3033 223 3090 Οὐκ
237 3029 291 3090 ἀπὸ
306 3027 457 3104 πανδήμου,
474 3027 539 3106 ξένε,
550 3028 694 3108 Κύπριδος,
709 3027 762 3087 οὐδ’
775 3027 827 3086 άπὸ
841 3029 916 3106 γαίης

205 3118 276 3194 εἰμὶ,
286 3116 332 3175 καί
347 3117 439 3188 ῦλαίης
453 3115 558 3195 ἔκγονος
568 3116 742 3196 εὐφροσύνης·

165 3207 224 3263 ἀλλ’
234 3203 286 3284 ipris
301 3208 326 3271 ές
343 3203 462 3284 καθαρὴν
474 3203 596 3282 μερόπων
609 3203 690 3283 φρένα
701 3203 800 3282 πυρσὸν
815 3203 922 3262 ἀνάπτω

204 3291 342 3369 εύμαθίης,
355 3291 445 3374 ψυχὴν
462 3291 484 3350 δ’
496 3291 605 3368 οὐρανὸν
620 3291 762 3370 εἰσανάγω,

165 3381 215 3442 'tia
229 3380 252 3439 δ’
263 3384 361 3461 ἀρετῶν
374 3380 518 3459 στεφάνους
530 3378 647 3458 πισύρων
662 3379 767 3440 πλέκω·
780 3371 815 3438 ὧν
831 3381 876 3459 ἀφ’
887 3380 947 3439 ἑκά-

111 3492 140 3540 ῑο
203 3468 295 3528 τούσδε
310 3469 405 3552 φέρων,
416 3468 513 3550 πρώτῳ
526 3471 564 3548 τῷ
580 3467 673 3550 σοφίης
686 3468 827 3550 οτέφομαι.
871 3469 948 3548 [οτης

437 3785 493 3834 ¹99·
510 3785 675 3831 carutueaae,

424 3874 561 3943 argumenti
575 3873 686 3944 ejusdem.

195 3997 285 4047 Emitte
294 3995 364 4045 tletus
376 4003 402 4045 et
415 4009 483 4060 geme
498 4003 523 4044 st
537 4004 623 4059 torque
636 4010 719 4043 manus
732 4010 738 4043 :

194 4085 257 4132 Sunt
270 4081 341 4146 digna
352 4079 421 4129 iretis
434 4078 495 4136 ista,
505 4077 639 4140 fraudator,
652 4077 710 4130 tuis.

194 4168 274 4216 Tuere
287 4163 396 4232 quamvis
407 4163 489 4223 triste,
500 4169 524 4212 te
537 4179 607 4212 neure
619 4172 696 4214 eruet.

193 4252 231 4297 Tu
244 4263 348 4312 namque
360 4246 443 4295 multis
453 4243 563 4295 excitasti
575 4243 686 4294 lacrimas

195 4325 231 4381 E'x
242 4346 298 4394 ore,
309 4327 390 4379 multis
403 4327 451 4378 tela
465 4326 536 4377 fixisti
548 4326 599 4377 iera

195 4420 224 4464 In
237 4414 327 4475 eorde,
340 4411 442 4462 miscens
455 4411 520 4461 virus
533 4410 681 4472 insanabile,

195 4498 306 4564 Cupido,
320 4497 400 4547 ridens
415 4496 441 4546 in
452 4495 520 4545 malis
532 4495 685 4556 mortalium

196 4586 257 4647 Quae
268 4580 412 4649 perpetrasti
426 4590 518 4648 patere.
533 4583 590 4642 ius,
606 4595 643 4629 res
657 4580 747 4645 optima
762 4587 808 4630 est.

461 4713 518 4746 aeo.
541 4714 644 4754 rroscru,

416 4823 447 4873 de
466 4823 582 4893 Cupidine
598 4833 692 4871 arelate.

166 4952 214 4996 itus
227 4943 297 5011 petiit
310 4943 392 5008 positis
405 4959 462 4992 areu
477 4942 615 5007 facibusque
630 4939 722 5006 Cupido
738 4955 745 4989 ι

196 5027 270 5092 Virga
282 5042 363 5086 manu,
379 5035 446 5091 tergo
458 5025 562 5093 pendula
578 5040 636 5090 pere
650 5023 705 5073 luit.

163 5116 216 5163 iloe
227 5109 314 5161 habitu
327 5109 405 5160 suleos
419 5109 493 5174 glebae
506 5108 612 5160 Cerealis
623 5105 723 5167 arabat,

196 5198 306 5251 Gnarus,
322 5209 391 5258 agens
404 5192 505 5243 domitos
517 5192 624 5258 subjuga
634 5207 706 5240 eursu
719 5191 804 5258 boves3

1254 557 1306 604 199.
1323 552 1523 605 culusum.

1316 665 1344 708 tn
1353 662 1456 710 eandem.

996 795 1025 843 ut
1035 793 1117 856 plora,
1128 795 1154 842 et
1162 804 1247 856 gome,
1261 789 1410 841 constrictus
1419 802 1539 840 manuum

994 891 1095 940 nervos,
1110 891 1126 927 ο
1139 876 1269 928 insidiator
1279 897 1286 926 ι
1298 875 1357 926 talia
1367 878 1392 926 te
1405 876 1502 928 decem.

993 969 1046 1016 Non
1055 967 1094 1017 est
1100 965 1222 1029 quispiam
1234 964 1377 1015 soluturus:
1389 976 1420 1014 ne
1428 962 1601 1014 miserabiliter
1610 961 1792 1014 limiseteltisr

995 1057 1050 1120 lpse
1065 1055 1130 1105 enirn
1141 1052 1196 1104 aliis
1208 1051 1307 1117 quidem
1318 1064 1349 1102 ex
1361 1049 1439 1102 oeulis
1451 1051 1579 1102 lacrimam
1669 1049 1789 1116 [suariae.

994 1141 1147 1206 expressisti,
1158 1153 1242 1190 amara
1250 1151 1309 1188 vero
1319 1139 1447 1202 inpactus
1458 1137 1539 1203 jusula

995 1232 1098 1296 intigens
1107 1227 1284 1280 inevitabilium
1296 1240 1418 1277 venenum
1432 1226 1530 1276 stilla-sti
1542 1225 1693 1290 cupidinum
1703 1263 1712 1282 .

995 1327 1070 1370 Aruer
1081 1317 1238 1369 :mortalium
1252 1318 1336 1367 autern
1348 1317 1406 1366 sunt
1416 1313 1463 1365 tibi
1474 1315 1540 1364 risus
1551 1313 1671 1373 dotores3

995 1422 1082 1472 pressus
1095 1420 1122 1457 es
1135 1404 1219 1468 qualia
1232 1402 1321 1455 iecisti.
1334 1404 1430 1452 Bonum
1440 1405 1479 1453 est
1488 1402 1593 1467 justitia.

1290 1573 1345 1619 200.
1360 1567 1479 1618 MOSCHI

1249 1698 1275 1742 ln
1291 1701 1399 1742 Amorem
1412 1701 1524 1742 arantem.

995 1834 1069 1885 Tedu
1081 1835 1163 1899 postu
1175 1839 1201 1885 et
1209 1847 1284 1895 αισα,
1297 1833 1558 1898 qua-agunturbores
1566 1833 1635 1896 oepit
1644 1832 1743 1896 virgam

1026 1925 1183 1984 teneremur,
1194 1921 1437 1998 peramqnehabebat
1449 1919 1789 1985 ex·humeris·pendentm;

995 2014 1020 2061 et
1028 2024 1104 2075 quum
1114 2010 1250 2075 subegisset
1261 2009 1496 2074 laboris-patientem
1506 2009 1555 2059 sub
1562 2009 1654 2074 jugum
1664 2007 1790 2060 eervieem

1027 2099 1537 2165 seminavitcererissuleumtrugiterurn.
1627 2097 1790 2164 [ιιιποτσισ,

997 2187 1110 2252 Dixitque
1125 2187 1261 2260 suspiriens
1275 2187 1322 2254 ipsi
1331 2188 1387 2238 tovi
1399 2207 1406 2238 ε
1418 2188 1518 2251 «imple
1531 2201 1605 2248 rura,

1028 2290 1059 2328 ne
1071 2279 1096 2327 te
1109 2279 1215 2341 Europe
1228 2275 1317 2326 bovem
1329 2274 1418 2326 aratris
1430 2275 1570 2340 subjiciam.
1582 2295 1595 2318 ν

1168 2437 1221 2481 ισι.
1240 2411 1371 2481 urnirur
1388 2432 1606 2480 scuorrsrrcr.

1236 2562 1263 2603 ln
1276 2563 1382 2603 Amorem
1393 2562 1538 2603 coronatum.

998 2688 1101 2737 Ubinam
1114 2687 1161 2738 tibi
1169 2700 1241 2738 arcus
1253 2685 1295 2737 ille
1305 2687 1413 2737 reiturus
1422 2724 1429 2746 ‚
1439 2691 1466 2736 et
1478 2700 1493 2735 a
1503 2689 1530 2735 te

1025 2775 1111 2826 defixo
1125 2775 1234 2826 medium
1246 2774 1272 2826 in
1284 2778 1371 2839 pestus
1380 2774 1532 2824 arundines?

995 2864 1036 2913 ubi
1050 2863 1114 2914 ale?
1127 2862 1573 2914 ubitaxmultum-dolorem·tereus?
1583 2874 1629 2910 eur
1639 2863 1723 2910 autern
1737 2863 1787 2909 tres

1028 2965 1132 3002 eorsum
1144 2951 1259 3002 manibus
1268 2953 1352 3014 tenes,
1365 2954 1390 3001 et
1400 2963 1475 3014 super
1486 2949 1567 3012 eapite
1582 2948 1657 2999 aliam
1675 2948 1745 2998 teas?
1757 2975 1786 2984 -

997 3043 1048 3090 Non
1059 3054 1073 3091 e
1086 3041 1225 3105 volgivago,
1238 3053 1253 3090 o
1264 3039 1363 3103 hospes,
1379 3036 1495 3102 cyprios,
1507 3049 1580 3086 σασα
1596 3039 1665 3086 tem

1025 3141 1094 3190 sum,
1109 3132 1135 3178 et
1145 3127 1266 3178 materiali
1275 3131 1408 3192 prognatus
1419 3125 1509 3190 gaudio
1523 3145 1529 3174 ι

996 3216 1040 3266 sed
1051 3229 1097 3280 ego
1109 3217 1207 3280 inpura
1219 3215 1348 3266 hominurn
1360 3219 1443 3265 mente
1455 3214 1535 3264 tarem
1548 3210 1659 3261 acuendo

1026 3303 1244 3366 bona-doctrinas,
1259 3303 1418 3366 animumque
1431 3303 1457 3352 in
1467 3301 1558 3352 ooelum
1573 3299 1675 3352 rednou

995 3393 1013 3439 u
1026 3391 1160 3442 virtutibus
1171 3395 1255 3442 autem
1267 3405 1370 3442 eerouas
1391 3389 1519 3454 quaternis
1534 3393 1623 3447 noeto;
1634 3401 1744 3451 quarum
1757 3403 1782 3436 er

1026 3472 1101 3529 buseo
1114 3481 1203 3540 terens,
1216 3479 1296 3543 prima
1308 3479 1434 3543 sapientiae
1446 3491 1559 3528 ooronor.
1627 3477 1785 3540 [σσσφσηυε

993 3771 1178 3837 Respiciensque
1190 3773 1275 3820 lovem
1286 3786 1292 3821 :
1303 3773 1405 3830 Terras,
1416 3767 1465 3830 ait,
1476 3765 1571 3831 ignibus
1583 3782 1642 3826 ure,

1026 3858 1063 3906 Ne
1073 3854 1116 3904 bos
1129 3857 1230 3920 Europe
1241 3862 1269 3904 tu
1281 3868 1377 3919 quoque
1390 3851 1466 3903 laetus
1476 3866 1538 3902 eres.

1221 3991 1268 4024 201
1274 4013 1279 4024 .
1296 3990 1404 4023 ΙΔΙΙᾸΙΙ
1419 3987 1555 4032 ΟΙΔΤΟΙΙΕ,

1231 4095 1262 4146 de
1276 4095 1393 4166 Cupidine
1408 4104 1534 4144 coronato.

993 4237 1070 4282 Amus
1079 4232 1122 4283 ubi
1134 4233 1202 4282 flexis
1215 4241 1280 4281 retro
1292 4230 1337 4280 tibi
1346 4230 1472 4289 cornibus,
1485 4239 1508 4276 et
1520 4243 1573 4293 que

1025 4317 1104 4367 Corde
1116 4316 1193 4365 virtlm
1207 4314 1285 4364 medio
1294 4313 1365 4377 figere
1377 4313 1424 4361 tela
1439 4313 1519 4361 soles?

992 4403 1022 4450 Et
1034 4415 1118 4465 penne
1133 4399 1223 4449 celeres
1238 4405 1263 4446 et
1274 4395 1384 4445 tlarnnaea
1396 4395 1455 4444 teda
1464 4399 1475 4445 i
1485 4394 1543 4459 quid
1555 4397 1611 4444 est?
1621 4392 1678 4457 quid

1025 4485 1105 4530 Terne
1114 4496 1203 4530 eorona
1216 4496 1298 4528 manus
1307 4478 1384 4527 aurisii
1395 4487 1420 4526 et
1431 4493 1477 4527 νισι
1490 4479 1582 4541 eaput?
1592 4500 1627 4513 -

992 4570 1048 4616 Non
1063 4581 1116 4615 sum
1129 4561 1222 4629 vulgari
1232 4565 1263 4613 de
1271 4564 1375 4630 Cypride
1388 4580 1394 4614 :
1409 4577 1458 4610 uon
1470 4560 1557 4610 buntur
1571 4561 1640 4608 ortrls

1025 4653 1102 4700 (λιιιιι
1114 4647 1160 4696 mei
1173 4656 1222 4708 est,
1233 4656 1258 4696 et
1267 4661 1320 4711 (μισ
1330 4644 1414 4710 gaudia
1426 4660 1513 4709 eorpus
1527 4652 1600 4691 amat.

992 4732 1117 4783 Mentibus
1127 4731 1151 4780 in
1162 4731 1228 4796 pruris
1240 4729 1346 4779 ilammrs
1359 4745 1401 4794 ego
1414 4737 1479 4778 reeta
1491 4729 1604 4777 docentes

1026 4821 1109 4864 Insere
1119 4851 1128 4877 ,
1140 4814 1207 4880 queis
1219 4813 1313 4862 aninrus
1324 4812 1386 4861 totus
1399 4813 1428 4860 ad
1442 4821 1505 4860 astra
1519 4811 1592 4859 volet.

992 4904 1060 4949 Serta
1072 4899 1160 4948 tatere
1174 4897 1232 4947 milri
1248 4897 1347 4945 virtutes
1359 4905 1490 4960 quattuor:
1501 4911 1529 4944 er
1540 4892 1577 4942 iris

1026 4983 1097 5047 Quoi
1110 4980 1204 5049 Sophia
1218 4991 1253 5032 est
1266 4991 1330 5046 gesto
1341 4979 1444 5043 vertice,
1455 4988 1523 5028 terna
1536 4994 1618 5028 manu.
