3774 5914
457 487 581 548 CAPUT
602 489 651 547 lX.
676 439 958 548 intentamenta
978 487 1314 548 nantonsn'aantva.

318 631 385 682 aas.
408 621 613 681 ψιιιῐιῐιον.
656 599 660 606 ’

71 762 232 838 Βωλοτόμοι
246 761 399 840 μύρμηκες,
412 767 425 820 ὁ
439 763 487 838 γῆς
502 762 623 840 στρατὸς,
637 761 703 832 ἡνίκ’
717 761 801 820 {raude

114 849 256 930 γεωμόρου
271 850 400 929 μελιχρῆν
415 849 577 926 σμηνοδάκου
591 849 707 929 χάριτα,

73 941 190 1018 μηνίσας
206 947 221 1000 ὁ
236 937 368 1019 πρέσὸυς,
383 941 409 1006 ές
421 939 505 999 ὕδατα
519 939 636 1016 κρωσσὸν
649 938 760 1019 ἔδαψεν,

117 1029 209 1088 ἐνθάδε
220 1027 281 1094 τοὺς
294 1029 347 1086 ἀπὸ
361 1031 409 1104 γῆς
423 1029 451 1085 οὖ
466 1027 562 1086 δοκέων
574 1025 709 1087 πελάσειν.

74 1121 112 1178 0t
126 1118 154 1175 δὲ
168 1115 244 1189 νέας,
258 1117 359 1195 κάρρας
373 1115 523 1194 ἀχυρίτιδας
536 1116 728 1194 ἀντιρέροντις,

117 1204 341 1284 αὖτοκυὸερνῆται
355 1208 419 1284 πρὸς
431 1204 506 1269 κύτος
520 1204 679 1282 ἐτρόχασαν.

74 1283 113 1353 Ἦ
128 1298 162 1372 ῥα
175 1291 238 1372 φίλη
251 1291 355 1370 γαστὴρ
368 1292 414 1350 καὶ
430 1291 582 1370 βαιοτάτους
598 1290 732 1347 ἀνέπεισεν

116 1386 146 1440 ἐκ
161 1382 255 1460 χθονὸς
271 1382 306 1447 εἰς
318 1380 431 1460 Νάμρας
442 1379 609 1443 κοινοτάτους
622 1379 719 1455 ἐρέτας.

298 1530 367 1580 439.
391 1517 642 1580 ΚΡΙΝΑΓΟΡΟΥ.
682 1511 685 1516 ’

77 1659 190 1736 Βρέγμα
208 1661 294 1716 πάλαι
307 1661 445 1737 λαχναῖον,
459 1655 586 1736 έρημαῖόν
600 1679 628 1714 τε
643 1656 753 1736 κέλυρος

117 1747 254 1824 ὄμματος,
270 1745 407 1824 ἀγλώσσου
422 1747 444 1807 θ’
457 1746 568 1824 ἁρμονίη
585 1746 728 1821 στόματος,

78 1840 164 1916 ψυχῆς
177 1833 281 1902 ἀσθενές
294 1835 384 1914 έρκος,
399 1831 563 1910 άτυμάεύτου
581 1833 701 1893 Θανάτοιο

115 1927 251 2004 λείψανον,
265 1925 371 1982 eiectos
386 1925 469 2002 δάκρυ
484 1923 699 2003 παρερχομένων,

1188 641 1242 688 438.
1260 638 1405 688 PHILIPPI.

907 767 1122 818 Giebas-secantes
1131 769 1248 830 iomricae,
1258 773 1330 820 terrae
1338 771 1470 828 exercitus,
1478 784 1555 834 quum
1562 769 1693 834 gustabant

939 859 1051 923 agricolae
1063 861 1328 924 examina-excipientis
1338 860 1422 912 dulces
1433 861 1541 911 delicias.

907 948 985 999 iratus
996 961 1079 1010 senex,
1095 948 1121 998 in
1135 961 1212 1012 aquas
1222 949 1335 1012 hydriam
1346 950 1440 1010 mersit,

940 1037 991 1087 huc
1000 1049 1043 1088 aas
1056 1040 1144 1088 atem-a
1158 1051 1207 1087 non
1220 1042 1309 1102 putans
1323 1051 1473 1089 accessnms.

908 1125 1026 1176 litavere
1036 1129 1066 1177 ut
1078 1139 1153 1176 naves
1165 1128 1270 1176 festucas
1280 1128 1406 1190 palearum
1416 1131 1501 1177 contra
1513 1128 1627 1188 terentes,

938 1212 1176 1278 ipse-gubernantes
1187 1214 1218 1264 ad
1232 1227 1278 1265 ras
1288 1217 1456 1266 cucurrerunt.

906 1305 968 1352 Sane
978 1315 1050 1352 carus
1059 1305 1145 1353 venter
1154 1303 1193 1353 rei
1202 1303 1316 1353 minimus
1325 1301 1428 1352 adduxit

937 1394 1025 1440 eterra
1035 1390 1066 1439 ad
1076 1390 1201 1454 Nymphas
1214 1401 1265 1438 case
1276 1390 1442 1441 ratde-noros
1453 1391 1565 1456 remiges.

1163 1535 1217 1580 tte.
1236 1531 1436 1582 CRtNAGORAE.

906 1666 1018 1730 sinciput
1029 1667 1088 1718 olim
1100 1667 1285 1732 lanuginosnm,
1295 1681 1451 1732 vacuumque
1461 1683 1551 1720 carum

937 1755 1014 1815 oculi,
1025 1757 1177 1820 elinguisque
1188 1770 1305 1822 compago
1318 1758 1380 1819 cris,

906 1843 994 1894 animas
1005 1843 1142 1894 tantalidum
1152 1846 1328 1909 sepimentum,
1344 1845 1482 1896 inhumatae
1495 1846 1583 1898 mortis

938 1933 1048 1996 reliquias
1057 1973 1063 1996 ,
1073 1933 1152 1984 inuia
1161 1934 1262 1984 lacrima
1274 1934 1487 1998 praetereuntium.

76 2021 146 2072 κεῖσο
160 2012 244 2078 πέλας
259 2012 384 2090 πρέμνοιο
396 2013 460 2087 παρ’
472 2011 598 2089 ἀτραπὸν,
613 2009 681 2090 rippa
697 2007 779 2092 [μάθῃ
798 1999 847 2090 τίς]
902 2024 956 2085 jace
972 2035 1047 2086 prope
1065 2027 1179 2075 truncum
1196 2026 1287 2087 praeter
1297 2023 1424 2086 semitam,
1435 2027 1463 2074 ut
1476 2023 1554 2074 discat
1570 2023 1691 2088 quispiam

115 2102 248 2181 ἀθρήσας,
265 2101 292 2158 τί
306 2101 385 2159 πλέον
400 2101 546 2180 φειδομένῳ
559 2100 656 2179 βιότου.

188 2249 260 2300 440.
288 2241 446 2299 ΜΟΣΧΟΥ
468 2239 749 2300 ΣΥΡΑΚΟΥΣΙΟΥ.

363 2358 571 2422 'sumamma

936 2111 1105 2176 conspicatus,
1120 2111 1179 2175 quid
1194 2111 1272 2175 prosit
1286 2112 1470 2175 alicui-parcere
1481 2113 1549 2163 ritae.
1583 2101 1586 2106 ’

1106 2255 1160 2302 440.
1178 2253 1298 2302 moscin
1314 2252 1487 2302 srnacnsn.
1571 2319 1579 2340 ο

1197 2345 1266 2384 emor
1278 2338 1396 2395 fugitiuus.

905 2455 991 2519 cypris
1005 2463 1119 2506 amorem
1130 2454 1289 2506 suumsdium
1304 2468 1392 2520 magna
1406 2468 1466 2506 rece
1476 2457 1654 2521 praeconiabat:

906 2565 917 2586 ιι
935 2545 961 2595 si
973 2543 1029 2608 quis
1038 2544 1064 2595 in
1072 2543 1154 2595 triviis
1163 2547 1286 2594 errantem
1299 2543 1362 2594 ridit
1373 2549 1501 2606 Amorem,

906 2653 917 2676 ιι
937 2634 1055 2698 fugitivus
1068 2647 1138 2684 meus
1150 2637 1189 2684 est
1203 2651 1209 2681 ι
1223 2632 1296 2682 iudea
1310 2635 1440 2706 premium
1454 2634 1564 2686 babebit.

906 2743 918 2765 ιι
935 2725 1032 2773 Merces
1039 2722 1085 2772 tibi
1092 2722 1386 2787 eritosculnmcypridis;
1394 2724 1414 2773 si
1421 2722 1689 2786 reroaddnxeriseum,

905 2830 916 2853 ιι
934 2823 982 2877 ripn
990 2811 1210 2874 nudumoscuium,
1219 2811 1262 2862 sed
1272 2816 1309 2866 tu.
1320 2812 1418 2876 hospes,
1429 2813 1504 2862 etiem
1512 2813 1569 2877 pius
1578 2813 1688 2863 habebis.

905 2919 917 2943 a
935 2901 978 2949 Est
987 2913 1047 2963 puer
1058 2900 1174 2965 insignis,
1188 2902 1253 2951 inter
1264 2900 1350 2964 uiginti
1362 2901 1461 2950 omuino
1473 2915 1593 2966 agnoscas
1608 2901 1688 2952 iilum.

905 3011 916 3034 ιι
934 2993 1041 3054 Corpore
1051 3004 1100 3041 non
1110 2995 1145 3042 est
1164 2991 1293 3054 oarrdidus,
1307 2992 1350 3043 sed
1362 2993 1411 3056 igni
1422 2992 1517 3050 struitis:
1528 2994 1593 3043 oeuii
1607 2996 1688 3044 autem

905 3101 915 3122 ι
934 3093 1003 3130 acres
1016 3083 1042 3130 et
1056 3080 1177 3141 dammei;
1191 3081 1256 3132 maia
1269 3095 1349 3143 mons,
1363 3081 1443 3134 dulcis
1453 3082 1566 3146 loqueta3
1626 3081 1689 3146 [ejus

905 3190 916 3212 ιι
933 3181 983 3219 nou
993 3167 1058 3219 enim
1067 3167 1133 3219 idem
1144 3168 1220 3220 sentit
1229 3183 1258 3220 ac
1266 3170 1389 3234 loquitur3
1400 3173 1518 3234 tanquam
1527 3171 1578 3222 mel
1585 3173 1624 3222 est·
1631 3185 1687 3234 νοκς
1732 3169 1736 3176 ’

904 3277 915 3298 ιι
935 3255 980 3306 sed
993 3270 1069 3319 quum
1081 3256 1205 3318 irascitur,
1220 3271 1290 3309 mens
1306 3261 1343 3309 est
1355 3259 1446 3318 eitera3
1461 3257 1585 3323 deceptor,

889 3401 891 3408 ¹
904 3367 915 3388 ιι
934 3345 1195 3406 nibilrerum-dioens,
1204 3346 1305 3398 dolosus
1312 3361 1382 3412 puer,
1394 3347 1542 3398 arevaludit.
1563 3347 1687 3414 [frontem.

905 3459 916 3480 ιι
935 3437 1218 3490 Pulchre-cincinnatum
1232 3441 1269 3490 est
1285 3442 1371 3511 caput3
1385 3439 1461 3491 habet
1473 3453 1532 3490 vero
1546 3443 1687 3504 protervam

904 3547 915 3567 ιι
933 3524 1245 3587 Parcaequidemiltisuat
1263 3520 1359 3588 manns,
1372 3526 1415 3577 sed
1434 3527 1519 3591 procui
1535 3525 1639 3588 feriunt,

904 3633 914 3654 ιι
935 3611 1028 3662 teriuut
1039 3625 1097 3663 vero
1111 3615 1136 3661 iu·
1148 3613 1311 3666 acherontem
1324 3627 1406 3678 usquc
1425 3617 1450 3664 et
1462 3613 1498 3665 ud
1509 3614 1563 3666 orci
1577 3617 1676 3678 regem!

904 3721 915 3744 ιι
933 3700 1019 3752 Nudus
1031 3702 1130 3766 quidem
1144 3716 1255 3767 corpore,
1266 3716 1336 3753 mens
1347 3717 1407 3752 sero
1417 3703 1453 3754 iiii
1462 3707 1593 3765 tecta-est,

76 2458 102 2521 ‘A
120 2462 224 2541 Κύπρις
239 2463 283 2522 τίον
298 2461 405 2541 Ἔρωτα
417 2462 461 2520 τὸν
474 2460 532 2521 υἱέα
546 2461 646 2540 μακρὸν
660 2460 799 2539 έὸώστριι·

1 2551 2 2584 ³
80 2578 90 2604 ι
105 2551 140 2612 Et
151 2574 191 2616 τις
203 2551 241 2610 tsi
253 2551 376 2628 τριόδοισι
390 2549 560 2626 πλανώμενον
575 2541 640 2608 εἶδεν
655 2545 779 2626 Ἔρωτα,

1 2623 2 2660 ss
80 2665 90 2690 ι
105 2639 263 2717 δραπετίδας
277 2639 339 2714 ἐμός
354 2642 432 2697 ἔστιν·
446 2643 459 2697 ὁ
475 2638 592 2713 μανυτὰς
606 2638 684 2715 γέρας
700 2637 760 2704 ἑξεῖ.

1 2731 2 2806 i
61 2755 91 2808 a*
106 2728 206 2793 Μισθάς
217 2749 259 2786 τοι
273 2728 303 2785 τὸ
317 2727 420 2806 ρίλαμα
431 2726 461 2802 τὸ
475 2727 614 2800 Κύπριδος·
625 2726 656 2795 ἣν
667 2728 689 2784 δ’
699 2725 799 2802 ἀγάγῃς
807 2748 857 2802 νιν,

1 2821 2 2886 i
45 2835 57 2874 ι
82 2843 92 2866 ι
105 2817 131 2874 ui
144 2818 244 2892 γυμνὸν
259 2815 290 2873 ab
304 2816 424 2894 ρῦιαμα,
440 2814 470 2872 τὺ
485 2817 519 2886 δ’,
531 2805 552 2874 ὦ
566 2813 632 2891 ξένε,
643 2813 688 2872 καὶ
697 2814 776 2873 πλέον
786 2812 859 2881 έξεῖς.

83 2931 92 2956 ι
104 2901 181 2964 Ἔστι
198 2905 222 2961 δ’
233 2907 247 2962 ὁ
262 2913 324 2970 παῖς
339 2905 492 2984 περίσαμος·
503 2904 529 2961 έν
540 2902 621 2963 εἴκοσι
633 2911 698 2960 πᾶσι
709 2903 798 2978 μάθοις
809 2924 857 2963 νιν.

83 3021 94 3044 ι
105 2995 201 3072 Χρῶτα
209 2993 257 3070 μὲν
266 2994 295 3053 οὔ
303 2992 405 3066 λευκὸς,
414 2993 478 3072 πυρὶ
486 2991 507 3051 δ’
517 2991 622 3058 εἴκελος·
630 2991 737 3066 ὄμματα
749 2989 770 3047 δ’
780 2992 858 3049 αὐτοῦ

83 3081 217 3158 ιδριμῦλα
232 3081 279 3140 καὶ
295 3079 453 3164 ρλογόεντα·
470 3078 550 3138 κακοί
565 3077 668 3159 φρένες,
679 3077 727 3135 ἁδὺ
739 3077 857 3152 λάλημα·

83 3197 94 3221 ι
107 3169 194 3247 οὐγὰρ
204 3168 262 3228 ἴσον
277 3169 343 3226 νοέει
357 3168 403 3226 καί
414 3165 554 3249 φθέγγεται
564 3189 571 3204 ·
582 3170 617 3232 ὡς
631 3166 692 3243 μέλι
709 3166 797 3244 ρωνά·

38 3271 59 3309 ¹⁰
83 3255 137 3327 «tp
152 3257 178 3315 ii
191 3258 277 3336 χαλᾷ,
288 3257 344 3324 νέος
356 3258 425 3316 ἐστὶν
440 3256 582 3334 άνάμιρος·
597 3254 790 3332 ἠπεροπευτάς,

84 3344 174 3404 κούδὲν
190 3345 336 3416 άλαθεύων,
350 3345 435 3405 taison
452 3344 563 3424 βρέρος,
579 3347 656 3420 ἄγρια
669 3344 782 3403 παίσδει.

0 3450 1 3493 ζ
84 3461 96 3484 ι
113 3433 283 3509 Εὗπλάκαμον
292 3433 323 3491 τὸ
332 3433 452 3511 κάρανον·
459 3431 515 3510 ἔχει
526 3434 547 3490 δ’
559 3431 652 3506 ἰταμὸν
663 3431 692 3489 τὸ
705 3431 855 3508 πρόσωπον.

2 3573 3 3576 ,
86 3548 96 3570 ι
112 3519 226 3578 itastis
242 3519 290 3596 μὲν
303 3519 418 3597 ιη’νῳτὰ
433 3517 573 3597 χερίιδρια,
587 3518 676 3598 μακρά
691 3518 717 3576 δὲ
733 3518 836 3598 βάλλει·

87 3635 97 3658 ι
115 3608 199 3682 βάλλει
212 3607 234 3664 δ’
249 3611 285 3674 εἰς
299 3606 440 3686 Ἀχέροντα
454 3605 500 3664 καὶ
515 3602 605 3665 Ἀίδεω
621 3607 746 3684 βασιλῆα.

0 3702 1 3717 ’
43 3694 63 3733 ¹⁵
88 3723 98 3744 ι
117 3695 208 3768 Γυμνὸς
224 3693 271 3768 μέν
286 3693 316 3751 τό
328 3717 359 3770 γε
372 3698 466 3769 σῶμα,
477 3691 534 3760 νόος
548 3693 575 3750 δέ
589 3697 612 3750 oi
628 3692 844 3762 έμπεπάκασται·

101 3844 431 3857 ————
1327 3849 1687 3862 -ῌ--ῌ

370 3945 427 3999 438.
445 3959 561 4010 ratarum,
1210 3949 1269 3996 tio.
1285 3957 1383 3990 arescat.

90 4079 222 4129 Smeaodooo
231 4077 326 4127 inerant
338 4093 391 4142 quaa
404 4077 498 4125 condita
511 4075 596 4136 mella,
610 4075 719 4124 ferebant
1178 4055 1408 4126 0¹'Pt'd0f‘15't'it'm-

119 4162 235 4220 Formica,
246 4169 316 4226 rapto
328 4158 409 4208 virere
420 4167 486 4207 sueta
500 4157 594 4206 cohors.

92 4243 151 4292 Unde
162 4259 230 4293 senex
242 4242 317 4292 iratus
330 4240 398 4306 aquis
411 4239 539 4289 iuterioeat
548 4254 632 4287 urnam
639 4255 647 4300 ;

120 4329 258 4392 iine,pnto,
272 4325 397 4388 terrigenae
411 4338 460 4371 non
474 4321 587 4380 venietis,
601 4321 644 4371 ait.

91 4409 148 4458 Grex
156 4416 231 4458 umen
243 4408 284 4457 ilie
295 4407 374 4462 repit.
388 4405 463 4471 paleis
472 4420 516 4471 pro
529 4405 647 4471 puppibus
656 4420 725 4466 runs,

117 4479 166 4557 ¹ipae
174 4483 316 4556 gubernator
327 4487 499 4554 remipumque
511 4487 567 4539 sibi.

93 4574 199 4636 Agricolas
209 4590 294 4642 paruos
305 4572 387 4623 subito
402 4571 527 4622 conamine
542 4581 625 4621 nautas

122 4661 169 4708 Esse
179 4659 243 4709 docet
258 4666 342 4708 reuter
355 4656 471 4706 maximus
483 4655 611 4705 artificum.

902 4172 1021 4223 Amissum
1034 4189 1111 4239 nuper
1119 4173 1224 4222 clamans
1238 4178 1320 4224 Venus
1331 4174 1403 4225 anxia
1412 4183 1511 4236 natum,

902 4258 997 4323 Ecquis,
1010 4257 1052 4320 ait,
1063 4257 1139 4308 triviis
1149 4259 1269 4324 palantem
1280 4258 1339 4308 uidit
1351 4263 1487 4310 Amorem?

902 4340 946 4388 nte
958 4356 1013 4389 erro
1026 4355 1091 4389 meus
1103 4350 1147 4390 est.
1184 4341 1289 4390 Pretium
1300 4342 1388 4406 grande
1401 4341 1492 4391 auferet
1505 4343 1585 4404 index,

903 4423 1021 4472 itasioium
1034 4423 1144 4472 Veneris.
1179 4424 1224 4474 Sed
1238 4424 1302 4472 enim
1311 4439 1360 4474 non
1372 4424 1435 4474 basia
1447 4435 1540 4474 tantum

903 4506 946 4554 tile
957 4504 1027 4565 ieret,
1041 4520 1140 4572 puerum
1155 4505 1300 4571 quicumque
1310 4507 1450 4569 adduxerit,
1464 4506 1557 4574 hospes.

901 4587 992 4652 viginti
1004 4587 1029 4636 in
1042 4587 1121 4653 pueris
1135 4586 1210 4637 facilis
1224 4603 1284 4653 puer
1296 4587 1336 4638 ilic
1350 4598 1443 4639 notatu.

901 4674 985 4733 lgneus
995 4670 1021 4719 in
1034 4672 1100 4722 snitu
1110 4671 1177 4720 color
1189 4679 1234 4734 est,
1248 4687 1296 4720 non
1310 4671 1423 4722 candidus
1437 4690 1442 4722 :
1457 4672 1509 4736 igne

901 4753 1000 4802 Leanrina
1012 4752 1068 4803 bina
1078 4754 1166 4803 micant
1178 4769 1184 4803 ι
1196 4771 1262 4804 mens
1275 4755 1393 4821 improba,
1406 4755 1492 4804 litanda
1503 4754 1596 4821 loquela
1609 4774 1616 4807 :

900 4839 954 4886 Non
965 4838 1028 4902 quod
1042 4838 1124 4898 sentit,
1135 4837 1198 4886 idem
1208 4837 1272 4887 fatur
1282 4855 1377 4902 quoqne
1391 4855 1396 4887 :
1409 4839 1493 4888 meilen
1504 4855 1549 4888 uox
1561 4850 1607 4893 est.

900 4923 933 4968 ‚tt
944 4935 986 4968 cor
997 4919 1162 4985 implacidum.
1175 4921 1269 4985 quoties
1279 4920 1350 4981 inrit;
1360 4920 1496 4986 insidiatur,

900 5005 1037 5068 Numquam
1046 5019 1103 5053 rere
1116 5005 1226 5068 loquens,
1237 5021 1325 5070 pravare
1336 5021 1406 5070 puer,
1417 5021 1499 5070 aspera
1511 5005 1582 5056 indit.

900 5086 1008 5153 Crispnla
1020 5087 1125 5137 cesaries
1137 5103 1144 5137 ι
1156 5088 1222 5136 ιιιιΙΙα
1232 5097 1267 5135 est
1278 5087 1411 5137 rer-arentia
1424 5086 1496 5138 tronti
1509 5103 1515 5138 ι

899 5171 1008 5234 Utraque
1019 5185 1079 5219 saeta
1090 5185 1184 5228 ιιιοιιιιο,
1194 5169 1235 5218 sed
1249 5169 1317 5231 longe
1330 5169 1398 5218 docta
1412 5168 1483 5218 ierire

900 5256 963 5317 tpsas
972 5269 1046 5317 suque
1058 5251 1119 5302 iores
1130 5254 1186 5303 Orci
1200 5263 1272 5315 atque
1286 5252 1417 5302 Aeiierusia
1432 5270 1513 5318 regna.

899 5337 1004 5400 Corpore
1017 5336 1093 5385 nardus
1102 5336 1162 5401 agit,
1176 5351 1241 5386 meus
1255 5336 1340 5402 quaerit
1353 5344 1414 5384 tecta
1430 5337 1546 5399 latebras,

349 4786 407 4848 439.
427 4799 581 4833 caturcorum.

96 4919 188 4985 Siociput
197 4931 250 4971 aute
262 4921 315 4988 pitis
328 4919 416 4969 florens
430 4918 578 4986 spoliataque
589 4927 647 4967 testa

123 5003 228 5062 Orbibus,
239 5015 310 5071 atque
325 5005 374 5054 oris
386 5004 478 5063 forma,
490 5003 530 5052 sed
543 5019 586 5052 ore
597 5019 692 5062 carens,

98 5085 170 5136 itania
181 5085 240 5138 duaa
253 5087 325 5136 animi
336 5123 343 5148 ‚
354 5086 383 5135 de
392 5093 470 5136 morte
479 5095 575 5136 carente
584 5083 711 5150 sepulchro

123 5171 184 5234 Quod
194 5171 323 5238 reliquum,
338 5171 455 5236 lacrymas
467 5168 631 5235 praetereuntis
642 5167 746 5228 babens,

100 5255 182 5318 Propter
193 5256 236 5305 iter
244 5256 324 5305 radice
333 5256 415 5321 jacens
428 5269 510 5320 super,
524 5252 601 5319 aspice
613 5261 702 5317 quiante

125 5338 170 5387 Pius
179 5337 290 5397 hainaut,
304 5356 359 5388 cara
371 5348 406 5388 est
418 5337 486 5404 queis
497 5354 538 5386 sua
552 5337 615 5396 ritu,
629 5335 695 5387 inopi.
721 5393 723 5396 Ι
