3734 5920
601 413 639 472 lN
661 413 787 474 CAPUT
807 412 846 472 Xl
868 414 1099 480 ΑΝΝΟΤΑΤΙΟ.
1578 429 1636 486 etl

35 547 121 598 delicias
133 545 304 608 imperatorum
319 544 396 594 tuisse
408 547 511 596 constat.
523 547 599 595 Poma
606 546 703 609 proprie
716 545 805 596 intelli·
853 549 927 612 Euag.
938 564 962 613 p.
974 554 1053 608 193,Β
1062 572 1067 602 :
1077 555 1166 603 τούτων
1172 553 1266 610 sternet
1276 557 1364 619 ρθόνσς,
1374 531 1467 618 probro
1478 557 1548 620 μόνον
1556 557 1640 619 aptae·

35 617 113 682 genda‚
126 629 209 667 aurea
218 616 329 681 appellet,
340 615 402 665 utin
414 616 528 680 allegoria
538 617 661 680 persistet.
672 642 704 656 -
716 622 739 666 3.
758 619 804 667 Καὶ
853 636 903 668 στιν
915 621 1060 684 ἂγαθὸν,ὄτι
1070 625 1179 686 μέγιστον
1188 627 1262 676 καιιθν
1270 631 1318 682 τοῖς
1334 627 1428 692 ἔχουσίν
1443 627 1514 686 ἐστιν,
1525 627 1640 679 observet

35 691 53 739 τί
64 689 115 752 νάρς
132 688 200 737 coni.
216 702 257 751 cp.
272 692 311 745 35,
322 693 349 746 5;
366 693 406 746 et,
421 694 444 736 ι.
458 708 469 731 ν
481 690 540 738 loc.
852 692 904 741 tac.
921 695 949 741 ln
962 693 1033 758 cippo
1040 695 1151 760 Lugduni
1161 699 1232 747 eruto
1246 711 1269 747 n.
1289 702 1347 748 1825
1360 698 1408 748 hoc
1424 699 1506 762 ipsum
1515 699 1639 749 distichon

853 761 1018 827 subscriptum
1031 767 1120 831 legitur
1139 767 1211 818 titulo
1225 770 1317 826 latiuo.
1331 769 1398 820 edito
1419 771 1444 819 in
1460 771 1579 820 Buttetr'u
1597 771 1641 820 des

62 828 185 878 CLXXXV.
200 829 314 876 lemma:
329 828 362 882 εἰς
371 829 527 891 κιθαρῳδοὺς,
537 829 595 876 ἀλλὰ
608 829 653 890 μὴν
661 830 702 876 aad
714 844 805 891 τραγῳ·
852 836 965 886 arieneos
975 836 1037 887 hist.
1054 841 1138 902 antiq.
1146 842 1164 889 t.
1180 842 1223 902 lv,
1237 855 1261 904 p.
1277 845 1326 890 139.
1340 868 1371 876 -—
1382 849 1389 890 t
1402 841 1461 902 epe.
1472 843 1521 890 ἐστὶ
1531 843 1642 898 κάκιστος

36 901 79 955 titt?
88 900 124 948 ”t
136 898 270 960 ωθφδθῦἱν
282 897 397 950 ὃθθῑῑῡῦθθ
410 898 506 949 titulus·
521 926 553 935 -
565 902 603 949 De
615 899 755 962 Hegelocho
764 898 807 962 qut
853 904 980 962 Cod.,toct
991 909 1102 959 κάκιστον
1113 910 1190 968 Plane
1201 915 1233 967 ὡς
1242 912 1315 961 κακόν
1329 912 1392 960 ἐστιν
1402 911 1497 975 cippus,
1512 912 1578 976 quod
1591 913 1642 962 sinu

36 967 152 1032 Nauplium
161 966 186 1016 in
203 966 807 1049 tragediaegerat...1.·«ueemeuecexpltcare
852 986 1055 1036 mmmmm
1068 987 1122 1050 ipso
1130 993 1203 1051 poem
1214 989 1348 1052 scriptum
1364 989 1479 1038 «rachus
1496 1009 1507 1032 ν
1520 1002 1575 1040 esse
1590 989 1640 1051 iam

35 1052 102 1103 queo,
124 1036 326 1096 aeramendum,
343 1051 368 1088 m
385 1051 481 1089 summa
498 1039 648 1102 ignoratione
665 1039 809 1090 rerumhu-
853 1052 948 1104 dixerat
966 1057 1092 1107 ΜΘΝ,
1115 1060 1135 1118 Ι,
1157 1073 1182 1122 ρ,
1201 1063 1252 1108 196,
1271 1060 1317 1110 Sed
1343 1061 1445 1124 ἀμέτρως
1467 1059 1532 1110 idem
1554 1060 1640 1124 cippus

34 1114 69 1174 jus
87 1106 219 1171 Hegelochi.
243 1127 254 1150 ν
278 1110 307 1156 B.
331 1107 449 1158 llaselrlii
472 1109 573 1169 ἀαόλνε,
593 1110 691 1170 libera,
707 1109 808 1158 adnime

36 1183 118 1244 aptum.
126 1177 221 1228 Jacobs.
232 1177 376 1242 conjiciebat
384 1179 491 1237 ἀπάμννε
502 1183 555 1244 (pro
565 1179 695 1244 ἀπήμονι),
707 1183 805 1244 punie-

39 1255 87 1312 aar,
100 1251 135 1300 rel
153 1250 282 1311 ἀπένλνσε,
298 1249 350 1300 iere
368 1253 396 1299 ut
414 1248 533 1313 Nauplius
553 1253 661 1300 Grmcos.
672 1278 703 1287 -
716 1257 729 1299 ι
742 1268 807 1301 αισαι

37 1321 99 1378 cod,
109 1319 184 1370 literis
194 1319 312 1370 extremis
325 1320 350 1369 in
359 1320 514 1384 compendio,
526 1320 571 1372 scd
581 1325 659 1372 certo.
669 1325 723 1372 -4
736 1326 805 1380 tert.

37 1398 98 1458 cod,
110 1398 209 1448 altemm
219 1396 294 1446 modo
305 1397 489 1448 hemistichium
503 1399 630 1464 praebens3
641 1403 657 1458 tt
670 1403 722 1449 tac.
738 1419 750 1442 ι
765 1403 808 1450 la-

37 1483 97 1521 cuae
108 1469 196 1518 inserui
209 1481 265 1519 mea
281 1469 369 1532 verba,
384 1472 465 1528 νηυσὶν
478 1472 639 1534 emptitius.
657 1472 694 1521 De
706 1471 808 1535 Nauplio

38 1541 84 1590 ride
97 1539 125 1590 ad
134 1538 246 1590 Philostr.
257 1541 317 1591 lter.
328 1555 353 1604 p.
369 1545 423 1592 553.
438 1561 450 1584 ν
464 1545 495 1591 Β.

63 1683 199 1731 (lllllllll'l.
218 1680 340 1732 Leonida
353 1681 468 1732 tribuunt
481 1682 538 1732 edd.
553 1683 662 1746 autiquae
673 1682 750 1738 Plan..
759 1685 808 1732 Lu-

39 1755 98 1803 ciltto
109 1751 261 1816 posteriores.
272 1780 304 1790 -
317 1756 354 1803 De
365 1755 472 1817 pessimo
486 1757 594 1806 cantore.
609 1775 639 1788 -
653 1760 674 1803 t.
691 1772 702 1796 a
720 1755 805 1802 Nouer-

39 1823 96 1885 ιόριξ
111 1833 126 1870 a
143 1821 265 1885 plerisque
281 1835 325 1885 pro
338 1826 428 1873 noctua
442 1823 548 1873 habetur
567 1826 612 1874 aut
632 1822 743 1884 bubone,
762 1837 807 1872 ave

40 1891 123 1956 possim
135 1891 234 1952 ominis,
256 1893 297 1942 eni
316 1891 402 1956 [erote
420 1907 528 1944 carmen
544 1892 631 1945 tribuit
645 1893 731 1958 virgil.
751 1896 806 1943 AEn.

39 1964 74 2020 lt',
84 1960 189 2021 tet,ubi
200 1975 227 2012 ι.
248 1962 303 2012 intt.
316 1962 460 2014 Theodorus
472 1963 558 2014 Prodi.
574 1965 621 2014 hoc
637 1976 676 2028 ep.
692 1963 770 2014 citans
783 1964 807 2013 iu

40 2032 110 2082 Notitt.
120 2045 176 2082 mas.
190 2036 208 2083 t.
221 2035 264 2092 Vl,
279 2047 303 2096 p.
318 2039 372 2094 552,
385 2037 405 2084 et
420 2035 444 2084 δέ
462 2033 515 2084 ποτ’
527 2036 589 2098 ᾄσει.
604 2056 616 2078 ν
629 2037 688 2084 iae.
706 2061 734 2071 -
743 2041 757 2084 ‘i
767 2036 808 2084 ναὶ

41 2103 97 2157 αὐτὸς
108 2101 164 2152 eod.

66 2246 211 2295 chllxxllll.
229 2247 258 2294 ln
277 2245 346 2294 Plan.
372 2245 488 2294 Larcillii.
504 2270 535 2282 —
552 2247 589 2295 De
601 2247 709 2310 pessimo
720 2245 805 2308 psalte.

66 2385 220 2433 ellllllvlll.
238 2408 268 2420 —-
283 2383 394 2435 Laudare
409 2383 508 2435 ridetur
523 2388 624 2436 Niceten
637 2390 666 2435 ut
683 2390 807 2436 cantorem

41 2458 62 2503 et
70 2453 180 2504 medicum
188 2454 296 2517 Apollini
307 2454 513 2519 comparandum,
527 2456 571 2506 sed
582 2459 691 2519 etymum
704 2457 809 2507 uomhris

42 2524 155 2576 laudemin
167 2526 319 2574 contrarium
336 2525 419 2576 vertit.
440 2552 470 2562 —
485 2528 579 2588 ibam
597 2527 729 2592 Bmdaeus‚
742 2528 807 2590 quod

43 2594 103 2644 uertit
111 2595 214 2645 Grotius
225 2615 237 2638 ι
248 2595 322 2647 Ludit
334 2595 359 2647 in
367 2595 510 2654 Ἀπόλλωνας
518 2597 625 2658 nominc,
636 2598 724 2661 quoda
733 2599 808 2649 verbo

43 2666 250 2727 διόλλνμιθοιίνιι.
270 2664 331 2716 Vide
344 2666 419 2717 Staul.
436 2667 466 2716 ad
482 2673 565 2730 agam.
583 2671 649 2717 1090.
661 2687 673 2711 ν
687 2669 718 2716 ll.
736 2667 807 2716 Euri·

43 2735 94 2799 ptdis
106 2735 229 2786 Phaethon
244 2754 250 2785 ι

12 2903 14 2910 <
93 2876 120 2926 Ὦ
134 2876 288 2940 χρνοορεγγὲς
303 2875 377 2935 'illd
392 2878 424 2932 ὥς
441 2875 465 2938 μ’
479 2877 615 2932 &admouet

93 2948 138 2996 em
148 2947 171 2995 α’
183 2947 308 2998 Ἀπόλλων’
320 2950 425 3011 ἐμφανῶς
435 2948 511 3011 κλῄζει
524 2949 614 3012 βροτὸς.

44 3102 69 3114 -
78 3085 90 3127 t
100 3079 122 3128 δὲ
133 3080 191 3142 turp.
200 3093 296 3136 omnes.
310 3093 373 3129 corr.
385 3078 584 3130 Friedemannus.
598 3087 693 3145 Auceps
708 3083 807 3131 uocalis.

70 3214 200 3266 clxxxix.
219 3246 252 3256 -
277 3215 369 3266 llistrio
390 3220 489 3280 propter
516 3220 650 3279 egestatem
669 3221 810 3280 apparatum

46 3284 149 3334 amnicum
157 3286 274 3336 vendens.
292 3313 323 3328 -ν
334 3294 357 3336 t.
373 3289 441 3336 Emit
454 3287 563 3347 Grotius,
577 3300 668 3338 errore.
684 3316 714 3334 .-
733 3293 810 3340 allo-

46 3355 136 3411 σιιθῶνος
144 3357 167 3404 et
178 3357 282 3418 τρίαιναν
290 3357 358 3406 Plan.
368 3383 399 3394 -
406 3362 431 3408 4.
444 3377 456 3400 ι
466 3359 557 3407 'Ouiae
570 3372 634 3407 nune
644 3363 682 3408 est
692 3360 811 3422 clypeum
833 3324 836 3399 t

47 3423 92 3473 r'ule
103 3425 177 3474 Nelei.
191 3427 222 3476 ad
243 3429 371 3477 coustant.
387 3441 411 3492 p.
428 3433 472 3488 ⁴83
488 3429 573 3478 Larcb.
592 3429 624 3478 ad
639 3432 750 3494 xenoph.
765 3435 814 3480 lix-

47 3494 91 3556 ped.
104 3500 120 3544 ι.
132 3499 163 3557 11,
173 3511 195 3558 p.
212 3503 256 3558 ¹43
274 3499 348 3549 Drns.
364 3499 568 3562 Anhuadv.1,c.
583 3507 622 3550 51.
640 3501 813 3566 Aristophanes

48 3567 106 3628 l'esp.
115 3573 142 3618 38
155 3585 160 3616 :
171 3569 252 3618 Διινόν
261 3571 289 3629 γέ
304 3570 350 3619 πού
367 3570 410 3618 ’στ’
424 3570 544 3634 ἄνθρωπος
558 3573 683 3622 daedalum
693 3573 762 3625 ὅπλα.
774 3575 813 3625 1θί

50 3635 112 3686 schol.
126 3641 165 3696 τὴν
179 3640 277 3689 ἀσπίδα.
292 3666 323 3677 -
335 3648 358 3691 5.
375 3643 411 3690 Ex
422 3643 530 3690 Homero
551 3642 579 3691 ll.
594 3646 623 3702 Δ,
638 3648 645 3690 1
667 3646 713 3692 :Ot
727 3645 751 3693 δὲ
767 3647 813 3693 θεοὶ

48 3723 86 3768 αρ
95 3711 142 3766 Ζηνὶ
160 3713 288 3773 καθήμενοι
303 3711 442 3775 ἠγορόωντο.
458 3712 528 3761 Cottt'.
543 3716 568 3762 et
585 3713 617 3763 ll.
638 3715 669 3772 ll,
685 3718 739 3764 443.
756 3736 767 3758 ι
781 3717 812 3764 B.

853 1121 902 1185 ἔχει
913 1124 957 1186 γάρ
967 1141 998 1174 τι.
1016 1124 1077 1176 cod.
1092 1127 1116 1174 ἐν
1125 1129 1210 1190 ἑαυτῷ.

884 1291 989 1340 Cllclv.
1003 1293 1104 1342 Lemma
1120 1311 1127 1340 ι
1143 1294 1175 1350 εὶς
1190 1292 1340 1356 θηραταῖς-
1358 1312 1370 1335 ιι
1385 1294 1478 1356 Carpit,
1495 1294 1641 1352 studetur,

852 1361 1033 1412 dedicationum
1054 1364 1154 1427 poetas,
1179 1363 1222 1426 qui
1239 1367 1296 1427 post
1319 1363 1476 1427 magnificum
1496 1363 1640 1425 exordium,

853 1433 985 1496 multisque
996 1432 1044 1482 diis
1059 1433 1083 1482 in
1096 1435 1291 1496 partesvocatis‚
1309 1434 1406 1497 pusillae
1421 1434 1521 1484 tandem
1531 1434 1643 1488 reidedi·

853 1503 974 1553 cationem
985 1503 1165 1554 concelebrant.
1182 1524 1194 1548 ν
1206 1507 1263 1554 Jac.
1280 1503 1352 1560 Quod
1363 1503 1388 1552 iu
1399 1502 1447 1554 boc
1457 1504 1531 1568 epigr.
1542 1518 1591 1554 nou
1602 1518 1642 1555 ca·

852 1573 911 1624 dere
943 1573 1065 1624 existimo.
1099 1574 1214 1638 Carpitur
1240 1573 1361 1638 singulare
1387 1579 1413 1624 et
1443 1574 1639 1638 ingratissimum

854 1646 995 1697 numinibus
1015 1647 1106 1709 quihus
1121 1646 1251 1696 dedicatur
1273 1645 1401 1696 dcundum
1427 1647 1550 1696 senatoris
1571 1647 1640 1707 irati,

853 1717 913 1766 nihil
931 1716 1009 1767 alind.
1024 1743 1055 1754 -
1074 1725 1087 1767 2
1102 1717 1122 1766 τ’
1139 1718 1203 1766 ἕδνον
1222 1716 1262 1766 vel
1279 1715 1299 1764 θ’
1312 1717 1375 1766 ε’δνιν
1387 1715 1525 1778 Hectoras,
1541 1717 1641 1768 ιιοιιιιιιι

853 1789 888 1850 (v.
905 1787 1003 1850 Thes.);
1021 1787 1042 1835 τ’
1058 1789 1120 1836 ἔνδον
1134 1787 1273 1850 legebatur,
1293 1785 1325 1836 de
1345 1799 1394 1849 quo
1410 1788 1463 1836 lac.
1486 1807 1492 1836 ι
1508 1807 1519 1829 ι
1534 1787 1559 1836 in
1572 1791 1642 1837 antro

852 1862 913 1922 puta
932 1870 1005 1908 :nam
1018 1861 1087 1908 antra
1095 1857 1214 1922 Nymphis
1232 1858 1302 1908 erant
1311 1870 1355 1920 pro
1368 1857 1463 1907 sacellis
1476 1877 1500 1917 ν,
1518 1857 1585 1920 quod
1596 1857 1643 1907 hoc

851 1928 906 1978 loco
926 1928 1025 1991 probari
1037 1942 1085 1980 non
1104 1931 1194 1992 potest.
1214 1959 1244 1970 -
1261 1934 1275 1979 3
1291 1928 1431 1985 sicrersm,
1452 1928 1514 1991 pede
1531 1941 1642 1990 manuus,

852 1996 966 2046 scribitur
980 1997 1005 2046 in
1015 1998 1076 2048 Cod.
1092 2001 1118 2049 et
1129 1999 1196 2050 Plan.
1215 2001 1273 2049 aute
1285 1997 1397 2048 aldinam
1410 2011 1470 2058 sec,
1481 1998 1506 2047 in
1525 2012 1575 2062 qua
1589 2001 1631 2060 λον

851 2085 903 2131 χαις
916 2073 966 2123 ταῖς
986 2070 1038 2130 πρὶν
1050 2086 1128 2132 σνσρ.,
1145 2089 1157 2113 α
1171 2069 1264 2133 timide.
1281 2088 1293 2112 a
1308 2071 1326 2117 F
1328 2069 1478 2118 riedemeuni
1488 2069 1642 2134 supptemen-

850 2144 905 2191 tum
918 2140 988 2203 (coN.
1003 2154 1040 2203 ep.
1055 2145 1110 2201 275,
1128 2139 1186 2203 276)
1202 2139 1294 2204 recepit
1310 2140 1401 2201 Boias,
1417 2139 1462 2190 sed
1480 2142 1547 2190 recte
1564 2141 1616 2188 διο.
1636 2161 1642 2188 ι

852 2231 864 2254 ι
879 2214 970 2262 veram
989 2210 1096 2263 dicerem
1107 2211 1287 2275 suspicionem,
1305 2209 1326 2260 si
1344 2222 1419 2259 causa
1436 2212 1565 2272 appareret
1597 2218 1641 2255 eur

853 2286 985 2333 venatoris
999 2284 1025 2332 in
1040 2285 1125 2333 nostro
1141 2282 1216 2346 epigr.
1233 2280 1328 2331 desidia
1345 2282 1482 2330 notaretur.
1501 2301 1558 2324 a·-
1571 2283 1585 2329 4
1599 2280 1640 2328 αθ

851 2354 889 2408 ed:
900 2351 962 2402 Cod.
977 2357 1003 2404 et
1016 2350 1145 2416 planudeae
1158 2355 1215 2402 ante
1232 2352 1393 2414 stephanum,
1404 2349 1449 2414 qui
1459 2349 1556 2408 αὐτούς,
1571 2348 1639 2411 quod

851 2423 983 2486 scripserat
1000 2426 1147 2488 Opsopoeus.
1161 2421 1329 2473 Necessarium
1351 2420 1462 2479 videtum
1481 2422 1609 2483 receptum
1628 2432 1643 2468 a

851 2495 939 2544 Bothio
951 2497 977 2545 et
988 2494 1045 2545 tort.
1065 2493 1160 2554 Boias,
1181 2493 1224 2556 qui
1235 2493 1332 2543 literam
1346 2495 1359 2542 δ
1372 2491 1423 2541 inb
1444 2491 1559 2541 mutarit.
1581 2488 1642 2539 cod.

852 2567 976 2628 ινρέμασι.

848 2755 850 2758 -
884 2733 978 2782 CXCV.
994 2732 1087 2781 lterum
1100 2730 1189 2794 legitur
1204 2731 1260 2794 post
1273 2743 1313 2793 ep.
1325 2733 1380 2778 361.
1393 2754 1424 2766 -
1439 2728 1532 2778 llistrlo
1542 2727 1584 2792 qui
1598 2731 1646 2778 Τι-

853 2802 965 2853 menidas
975 2803 1001 2852 et
1011 2802 1139 2866 Nyrnetlro
1152 2801 1285 2852 saltaverat
1298 2800 1456 2863 conqueritur
1470 2813 1497 2850 se
1507 2800 1643 2864 explosum,

853 2873 914 2924 dum
938 2873 1056 2937 plausum
1076 2872 1174 2924 tulisset
1195 2871 1292 2921 Galum
1315 2870 1406 2920 saltans
1433 2870 1589 2935 Aristagoras.
1615 2897 1645 2908 -

854 2944 994 3007 θτιμενίθας
1009 2943 1072 2996 cod.
1089 2943 1136 2992 hee
1150 2943 1204 2992 loeo
1217 2944 1243 2992 et
1256 2941 1324 2990 Plan.
1341 2960 1353 2984 ν
1366 2940 1447 2990 schol.
1468 2940 1555 2990 Weeh.
1575 2959 1581 2990 ι
1596 2943 1645 2999 Τή-

855 3032 922 3077 μενος
933 3014 1042 3079 Ἀργείων
1053 3013 1173 3077 βασιλεὺς,
1187 3014 1239 3077 περὶ
1254 3012 1282 3062 οὗ
1295 3013 1335 3060 καὶ
1347 3016 1393 3059 τῶν
1405 3013 1477 3060 αὐτοῦ
1489 3014 1594 3061 uideant
1602 3019 1644 3062 τοῦ

853 3086 959 3149 γαρθροῠ
971 3085 1101 3147 Δηῖρόντον
1123 3085 1163 3132 καὶ
1182 3085 1292 3145 θυγατρὸς
1309 3083 1432 3143 Ὑρνηθοῦς
1444 3082 1519 3131 πολλὰ
1532 3084 1644 3142 διηγεῖται

854 3157 991 3211 Παυσανίας
1009 3157 1033 3204 ἐν
1055 3156 1214 3215 Κορινθιακοῖς
1228 3154 1266 3214 (e.
1292 3151 1346 3214 28).
1366 3154 1473 3213 Τημένου
1491 3154 1570 3207 παῖδες
1583 3153 1644 3212 ἦσαν

855 3229 939 3282 Κεῖσος
946 3263 955 3287 ,
970 3226 1081 3290 Γερύιης,
1091 3226 1204 3283 Φᾰλιας,
1226 3223 1344 3284 Ἄγραῑος,
1356 3225 1395 3271 aut
1409 3223 1509 3285 θυγάτηρ
1525 3221 1642 3288 Ὑρνηθὼ,

855 3299 883 3352 ἢν
894 3298 967 3358 ἔγημα
980 3297 1115 3354 Δηῑρόντης.
1130 3293 1193 3343 Vide
1207 3306 1222 3342 a
1235 3292 1362 3342 macunen
1379 3291 1497 3356 scriptum
1512 3307 1644 3358 argumen-

855 3372 909 3418 tum
918 3366 1107 3417 Temenidarum
1115 3363 1247 3428 Euripidis.
1260 3367 1276 3408 ’ν
1287 3367 1318 3413 Β.
1328 3389 1361 3400 -
1373 3365 1485 3423 3τιμήεις
1497 3365 1559 3414 cod.
1568 3365 1645 3414 altero

856 3439 919 3489 loro.
938 3464 970 3474 -
994 3442 1009 3487 4
1025 3438 1057 3493 εἰς
1082 3437 1130 3498 (εἰς
1151 3435 1241 3494 sulm.)
1260 3435 1330 3497 ρόὸος
1353 3433 1415 3483 (lod.
1438 3434 1516 3486 altero
1534 3435 1597 3484 loeo.
1613 3461 1645 3472 -—

857 3517 870 3560 5
891 3509 975 3572 ἡρώων
991 3508 1004 3555 ὁ
1021 3507 1093 3564 πολὺς
1109 3505 1180 3561 πόνος
1201 3504 1262 3554 eod.
1282 3504 1360 3555 altero
1380 3505 1443 3554 loco.
1462 3509 1521 3553 -θ
1541 3507 1644 3565 φθέγγετ“

855 3577 917 3629 θοι.
925 3577 1034 3636 ibidem
1043 3575 1147 3637 φθέγξατ’
1156 3575 1233 3636 Plan,
1248 3573 1315 3637 qnod
1327 3573 1569 3638 nonpraetorendum.
1582 3577 1642 3624 Pro-

856 3646 989 3698 verbialem
1004 3645 1154 3696 locutionem
1171 3645 1222 3706 iam
1233 3645 1348 3695 uidimus.

72 3846 132 3896 cxc,
145 3850 245 3898 gemma
269 3851 326 3906 ,ης
350 3851 454 3912 χωρας,
478 3876 506 3885 -
530 3851 681 3913 ι’ρρμορέρ,
701 3852 768 3902 pra„¹
784 3884 814 3899 ,,
835 3851 837 3893 ι
889 3838 993 3887 (illcvl.
1013 3839 1114 3886 Lemma
1127 3853 1132 3884 :
1144 3838 1175 3893 εἰς
1189 3837 1310 3898 αἰσχρούς.
1330 3863 1361 3872 -
1382 3839 1525 3887 Detestatur
1539 3840 1646 3890 vetulam

49 3915 107 3964 aert’
117 3921 165 3967 ολον
178 3919 241 3968 eod.

73 4043 146 4092 ellel.
158 4045 229 4093 -ln
242 4044 367 4094 tonsorem
381 4044 529 4094 carnificem.
547 4044 663 4109 Ejusdem
675 4049 813 4109 argumenti

49 4107 112 4160 hahes
131 4112 247 4163 Martialis
259 4115 302 4172 lll,
317 4127 357 4177 ep.
377 4119 417 4165 34.
432 4143 463 4157 -
477 4119 498 4164 1.
509 4118 602 4165 Versus
620 4117 720 4165 Homeri
735 4116 764 4167 ll.
786 4121 814 4180 li,

50 4182 94 4242 455,
103 4181 183 4232 ultimo
192 4184 314 4234 vocabulo
324 4189 489 4247 τειχεσιπλῆτα
497 4189 603 4236 mutato.
617 4193 670 4236 -2
681 4189 729 4251 ἔχει
738 4191 763 4238 et
774 4193 813 4238 τέ-

51 4267 91 4311 ρας
101 4252 165 4314 cod,
178 4267 240 4304 corr.
259 4255 344 4311 Salm.;
365 4255 440 4316 τάμοι
454 4257 520 4306 Plan.
537 4285 568 4293 —
582 4261 606 4307 3.
624 4277 635 4300 ι
650 4257 730 4309 schol.
753 4262 794 4309 W.
807 4281 813 4309 ι

51 4323 107 4382 ρθει,
127 4328 149 4374 ui
162 4329 205 4389 πρὸ
224 4333 272 4377 τῶν
284 4328 375 4391 ἄρθρων
394 4331 417 4376 tv
431 4335 481 4384 ταῖς
495 4331 614 4388 κινήσεσιν
632 4332 814 4391 ἐπανιστάμενοι

52 4393 126 4455 amase.
137 4425 162 4432 -
177 4401 199 4448 4.
215 4400 280 4448 Puto
288 4399 411 4449 misellum
419 4398 545 4450 hominem
560 4400 641 4452 dicere
650 4403 689 4450 καὶ
702 4403 814 4466 παρέχω,

50 4463 106 4523 quod
115 4465 171 4516 adeo
184 4467 363 4520 sitlmhecillns
376 4469 408 4520 ob
417 4469 542 4535 sanguinis
556 4471 651 4535 largum
669 4471 813 4532 eulalium,

54 4533 204 4598 strauere,
225 4539 244 4588 si
260 4539 334 4598 velit,
354 4542 468 4604 nequeat.
485 4559 498 4584 ν
514 4542 545 4589 B.
558 4545 611 4591 Τῶν
626 4543 735 4603 γναθμῶν
750 4545 813 4607 conj.

51 4603 142 4666 lemma
159 4608 201 4658 sed
211 4609 290 4670 juberi
303 4609 402 4660 videtur
417 4614 524 4661 tonsore
541 4611 609 4674 genis
623 4612 766 4663 transiread
775 4628 815 4664 su·

54 4684 97 4732 ras,
106 4675 148 4726 illis
160 4677 286 4730 humores.
298 4708 329 4716 —
339 4689 363 4732 5.
375 4683 405 4731 '0
417 4685 497 4744 τόπος,
508 4681 608 4731 taberna
619 4683 735 4734 tonsoria.

77 4812 161 4867 GXCll.
178 4820 276 4869 lemma
293 4839 299 4870 τ
312 4821 346 4876 εἰς
356 4821 484 4883 ρθονερούς.
503 4840 514 4862 ι
526 4820 625 4871 Gallicis
637 4821 749 4872 vasibus
758 4823 815 4872 imi-

54 4880 109 4930 tatus
121 4888 156 4934 est
169 4889 194 4935 Ρ.
205 4889 321 4940 Pelisson.
335 4909 347 4933 ν
361 4892 392 4938 B.
409 4917 433 4926 -
444 4897 457 4939 ι
470 4891 573 4952 τήκομαι
586 4893 611 4942 et
624 4893 726 4943 tabesco
735 4893 767 4944 de
776 4893 816 4943 in·

55 4949 106 5002 ridie
115 4955 232 5008 solemne.

80 5093 172 5147 Clclll.
188 5127 215 5134 -
232 5120 243 5143 ι
259 5099 360 5152 Gallicis
371 5104 485 5154 versibus
495 5102 576 5153 reddit
587 5107 685 5156 Moneta
694 5109 755 5168 opp.
767 5108 815 5157 Sel.

57 5163 78 5238 ,4.Ι
87 5164 104 5212 l.
122 5179 143 5228 p.
159 5172 207 5220 131.
221 5173 351 5235 comparat
363 5173 456 5224 similes
468 5177 601 5225 sententias
620 5176 712 5226 Tollius
725 5177 815 5240 insign.

57 5233 99 5281 rhu.
108 5247 128 5296 p.
142 5241 178 5287 la.
194 5261 204 5282 ν
222 5243 252 5290 Β,
268 5242 397 5293 Disticlron
408 5244 512 5294 ductum
521 5245 600 5296 videri
611 5259 642 5296 ex
655 5245 817 5298 hislsocratis

835 3900 837 3966 ἓ
858 3910 965 3971 turpem,
977 3905 1130 3969 amplexibus
1147 3906 1226 3969 ipsius
1238 3919 1264 3955 se
1280 3905 1433 3956 atterentem.
1448 3933 1474 3942 -
1492 3912 1513 3957 t.
1529 3927 1541 3951 ι
1565 3909 1646 3959 simiis

835 3976 1033 4041 ‘comparantur
1056 3977 1182 4027 deformes
1211 3976 1303 4026 vultus.
1330 3976 1394 4026 vide
1413 3975 1465 4026 loce
1480 3976 1590 4029 innotis
1615 3980 1645 4030 ad

836 4040 838 4067 ¹
857 4049 995 4099 aristaenet
1008 4061 1033 4111 p.
1047 4053 1101 4097 555.
1110 4039 1184 4097 ¹Adde
1195 4047 1268 4098 Reitt.
1281 4047 1314 4097 ad
1324 4048 1470 4097 Artemidos.
1482 4061 1506 4112 p.
1522 4055 1582 4107 337ς
1593 4053 1647 4102 Pal·

857 4119 939 4170 ladam
955 4120 1015 4178 llll,
1029 4131 1068 4181 ep.
1088 4123 1143 4168 353.
1164 4138 1176 4161 ν
1189 4121 1222 4168 B.
1240 4146 1268 4154 -
1288 4120 1385 4176 ιαὺιην
1403 4118 1530 4168 alibrario
1548 4122 1646 4173 Codicis

857 4191 977 4241 omissum
993 4189 1116 4252 supplerit
1135 4188 1203 4238 Plan.
1228 4209 1238 4232 ν
1256 4192 1309 4239 Prae
1323 4188 1430 4248 invidia,
1449 4194 1477 4240 ut
1496 4190 1602 4252 ridetur,
1619 4206 1647 4242 se

859 4274 1033 4326 suspensurum
1049 4259 1109 4310 dicit
1126 4261 1250 4318 Hecaten,
1272 4257 1472 4322 quandoquidem
1490 4259 1646 4314 deformitate

858 4347 929 4383 suam
947 4330 1077 4382 exercebat
1097 4328 1240 4392 potentiam.
1267 4328 1333 4377 Talis
1354 4328 1395 4378 illa
1413 4327 1563 4392 tingebatur,
1583 4334 1645 4384 ὥστε

859 4406 886 4452 ἐν
903 4403 974 4463 μόνης
984 4407 1024 4458 τῆς
1036 4401 1088 4456 θέας
1097 4400 1242 4458 καταπλῆξαι
1250 4402 1291 4447 καὶ
1308 4400 1454 4458 θειματῶσαι
1465 4400 1519 4457 τοὺς
1534 4403 1645 4466 ὁρῶντας,

859 4471 966 4521 Eudocia
987 4469 1052 4519 Viol.
1070 4483 1092 4532 p.
1117 4473 1169 4518 144.
1187 4468 1254 4518 Talia
1278 4467 1455 4532 magisterare
1471 4483 1544 4534 posse
1566 4485 1645 4537 quum

858 4542 953 4591 videret
968 4541 1094 4600 Ritonem,
1117 4539 1296 4604 indignabatur.
1321 4559 1333 4582 ν
1347 4540 1405 4588 lac.
1418 4542 1476 4602 post
1497 4542 1645 4606 hennepium

858 4627 883 4677 p.
898 4616 952 4663 234.
970 4638 1001 4648 -
1014 4615 1029 4660 a
1044 4612 1064 4660 st
1079 4612 1104 4660 di
1120 4613 1192 4671 λέγεις
1212 4616 1316 4672 μισεῖρι
1328 4608 1400 4668 (toda
1418 4611 1443 4666 ὃς
1458 4611 1482 4660 d'e
1494 4613 1555 4675 λέγει
1567 4621 1645 4675 μισεῖν

859 4701 888 4742 ns
902 4683 981 4740 Plan..
992 4681 1020 4731 in
1028 4695 1079 4744 qno
1087 4680 1207 4731 sententie
1218 4679 1376 4743 conspicitur,
1395 4680 1515 4744 elegantia
1522 4681 1646 4734 desidera-

836 4725 839 4815 t
858 4760 909 4805 tur.
928 4756 997 4802 vana
1014 4751 1240 4802 tentaritPic'colos
1259 4765 1283 4814 p.
1297 4755 1339 4800 45.
1364 4750 1453 4802 nrehns
1468 4751 1516 4802 hoc
1535 4753 1645 4805 Jacobsii

859 4827 884 4875 m
893 4826 955 4875 nott.
966 4836 1026 4874 ntes.
1039 4843 1045 4872 ι
1065 4843 1076 4866 ι
1090 4825 1156 4872 Fert.
1171 4824 1223 4871 εἰόέ
1232 4827 1259 4881 γε’
1272 4840 1306 4878 τις
1321 4828 1387 4883 μισεῖ
1400 4839 1462 4891 μιν,
1471 4836 1551 4887 neque
1562 4827 1644 4875 tamen

858 4907 960 4960 prorsas
971 4893 1097 4944 satisfacit.
1111 4897 1193 4951 Quare
1205 4892 1308 4944 sivimus
1322 4893 1482 4956 planudeum.
1498 4893 1560 4944 cod.
1569 4901 1645 4944 τοιοῦ-

859 4985 908 5018 τον.
925 4987 937 5010 ι
954 4966 1037 5016 Talem
1050 4978 1149 5015 uxorem
1163 4964 1275 5014 hostibus
1290 4963 1388 5015 evenire
1403 4964 1566 5028 imprecatum
1577 4967 1645 5028 quod

860 5041 946 5087 votum
962 5037 1072 5086 solemne
1083 5039 1131 5085 est.
1150 5034 1212 5084 vide
1225 5048 1281 5097 qnae
1291 5036 1383 5085 contult
1394 5035 1427 5085 ad
1443 5037 1516 5099 Soplr.
1530 5036 1565 5085 lil.
1581 5041 1639 5088 343.

859 5137 890 5147 -
904 5115 927 5158 o.
943 5106 1024 5156 schol.
1038 5107 1079 5155 W.
1091 5121 1098 5153 ι
1113 5107 1126 5154 d
1139 5107 1271 5168 δυσμενῶς,
1282 5107 1360 5168 φησὶν,
1372 5107 1434 5170 ἔχων
1445 5111 1500 5168 πρὸς
1514 5108 1555 5167 εμὲ
1566 5109 1643 5158 τοιού·

859 5194 905 5226 των
918 5177 995 5238 πατὴρ
1006 5177 1096 5225 παίδων
1106 5177 1210 5235 γένοιτο,
1220 5175 1260 5223 otu
1270 5177 1298 5223 ἂν
1306 5177 1368 5232 εἰκὸς
1377 5177 1403 5224 ἐκ
1412 5177 1520 5234 τοιαύτης
1530 5175 1642 5238 elaeon·

860 5247 978 5297 θιαθάλλει
990 5247 1015 5296 δὲ
1024 5248 1096 5305 αὐτὴν
1111 5249 1142 5303 ὡς
1151 5246 1246 5308 πόρνην.
1260 5265 1272 5290 υ
1286 5249 1316 5296 Β.
