3878 5912
230 471 250 528 t
803 462 1058 527 ANTHOLOGIAE
1081 465 1283 526 PALATINAE

232 599 338 682 μάρψας
350 597 373 656 δ’
386 596 454 664 ὠκὺς
469 595 554 677 έριψεν
568 596 611 654 ἐπὶ
626 596 722 675 χθόνα,
735 596 795 677 πρὶν
806 598 868 676 περὶ
881 607 972 678 χεῖρας

270 684 413 754 πλέξασθαι
429 683 542 763 βρύγδην
557 683 710 749 θκτοιτόνους
724 683 830 750 ἕλικας·

187 804 201 844 5
232 773 372 838 δισκευθεὶς
387 771 409 830 δ’
427 771 471 830 ἐπὶ
484 772 582 848 θάμνον
599 771 624 836 ές
638 771 709 830 nitier
723 771 797 831 δειλά
810 775 931 852 λαγωοῦ,

270 859 372 931 siletis
385 865 498 938 τιιχινοῧΙ
509 859 612 926 πτωνιός
626 858 704 931 ἔδησε
720 861 817 928 πόδας·

231 941 283 1009 εἷλε
295 949 318 1008 δ’
328 949 419 1016 itote·
433 947 465 1008 σθ
477 950 499 1006 δ’
511 948 622 1009 ἄελπτον
637 951 706 1029 ἔχεις
720 948 798 1031 γέρας
810 950 994 1034 ἀμφοτέρωθεν

269 1039 351 1120 οἷγρης
364 1038 506 1120 χερσαίης,
516 1038 619 1121 πρέσθυ
629 1083 638 1112 ,
648 1039 694 1098 καὶ
706 1040 830 1114 εἰναλίης,

488 1185 532 1236 15.
556 1187 753 1235 ΑΔΕΣΠΟΤΟΝ.

230 1310 301 1372 Αὐτὸ
313 1311 342 1370 τὸ
356 1317 409 1390 πῦρ
421 1310 528 1372 καόσειν
541 1312 690 1390 διζήμενος,
705 1305 789 1382 οὗτος,
801 1317 815 1372 ὁ
829 1313 930 1394 νύκτωρ

268 1399 311 1458 τὸν
326 1399 406 1458 καλὸν
421 1399 531 1481 ἱμείρων
548 1402 588 1459 tl·
602 1425 644 1460 νον
660 1400 850 1481 ἀναρλογίσαι,

225 1475 298 1566 δεῦρ’
316 1488 362 1544 ἄπ’
376 1487 441 1564 ἐμῆς
455 1489 542 1568 ψυχῆς
557 1427 622 1570 άψον
637 1489 728 1556 σέλας·
740 1487 824 1548 ἔνδοθι
833 1489 883 1568 γάρ
898 1512 950 1565 μου

269 1572 407 1650 καιόμενον
421 1575 521 1647 πολλὴν
536 1576 652 1647 ἐξανίησι
665 1577 761 1658 ρλόγα.

465 1725 510 1776 16.
539 1717 780 1778 ululaturos&

229 1849 345 1928 Τρισσαὶ
360 1850 408 1925 μὲν
422 1851 556 1930 Χάριτες,
568 1853 637 1933 τρεῖς
651 1853 678 1912 δὲ
694 1853 900 1931 χλυιιυπάρθινοι
913 1847 1010 1934 ἶὨριιι·

268 1941 336 2017 τρεῖς
350 1939 373 1994 δ’
389 1939 436 2013 ἐμὲ
453 1940 609 2015 θηλυμανεῑς
623 1940 802 2000 οἰστοθολοῦσι
818 1941 909 2002 Πόθοι.

228 2015 267 2084 Ἦ
281 2025 332 2103 γάρ
344 2048 384 2085 τοι
399 2025 459 2106 τρία
471 2025 532 2094 τόξα
549 2026 714 2106 κατείρυσεν,
730 2031 764 2095 ὡς
782 2029 833 2108 ἄρα
848 2029 950 2104 μέλλων

268 2112 328 2191 οὐχί
343 2112 406 2189 μίαν
417 2111 543 2193 τρώσειν,
558 2126 626 2195 τρεῖς
642 2117 664 2174 δ’
677 2118 703 2176 ἐν
718 2116 776 2192 ἐμοὶ
791 2117 909 2195 κραδίας.

347 2256 396 2314 lt.
421 2255 669 2316 ΓΕΡΜΑΝΙΚΟΥ
691 2259 892 2318 ΚΛΙΣΑΡΟΣ.

229 2388 328 2470 Οὗρεος
341 2390 367 2460 ἐξ
382 2391 492 2452 ὑπάτοιο
506 2391 591 2471 λαγὼς
604 2393 684 2454 πέσεν
699 2393 725 2462 ές
739 2420 803 2457 ποτε
818 2398 923 2477 βένθος,

268 2480 439 2560 ἐκπρορυγεῖν
454 2481 562 2556 μεμαὼς
574 2481 675 2562 τρηχὺν
689 2483 782 2543 ὀδόντα
801 2487 891 2553 κυνός·

228 2567 287 2626 ἄλλ’
301 2569 356 2626 οὐδ’
370 2564 406 2634 ὣς
419 2566 499 2640 ἤλυξε
512 2569 592 2627 κακὸν
608 2571 703 2649 μόρον·
718 2573 812 2630 αὐτίκα
826 2575 877 2657 γάρ
894 2597 939 2652 μιν

268 2654 378 2722 ιθνάλιος
393 2655 501 2735 μάρψας
512 2655 659 2732 πνεύματος
673 2660 829 2738 ὠρφάνισιν.

229 2739 280 2802 Ἐκ
295 2741 389 2822 πυρός,
402 2746 437 2808 ὡς
447 2734 533 2815 αἶνος,
544 2743 623 2813 πέσες
635 2747 660 2812 ές
673 2747 771 2826 φλόγα·
786 2741 803 2820 ἦ
817 2751 850 2830 ῥά
863 2773 892 2809 σε
910 2750 1011 2830 δαίμων

267 2831 317 2903 κήν
332 2831 377 2889 ἁλὶ
391 2832 440 2901 κήν
456 2830 544 2910 χέρσῳ
556 2831 634 2914 θρέψε
646 2833 751 2894 κύνεσσι
767 2839 857 2916 βοράν.

496 2973 538 3026 ld.
559 2978 620 3025 ΤΟΥ
636 2977 743 3030 mot.

228 3100 278 3158 Ἐκ
292 3099 366 3167 κυνὸς
382 3090 435 3158 εἷλε
450 3101 520 3161 κάων
537 3127 583 3180 με.
626 3103 663 3164 Τί
676 3106 706 3164 τὸ
723 3106 812 3186 ξένον,
825 3113 860 3177 εἰς
875 3111 921 3187 ἐμέ
936 3117 1010 3194 θῆρες

270 3187 344 3268 ὑγροὶ
357 3189 402 3245 καὶ
414 3191 488 3258 πεζοὶ
503 3191 583 3268 θυμὸν
598 3191 702 3270 έχουαιν
714 3195 771 3256 ἕνα.

229 3276 328 3354 Αἰθέρα
342 3276 433 3335 λοιπὸν
444 3275 547 3356 έχοιτε,
559 3280 647 3356 λαγοὶ,
663 3281 755 3359 βατόν.
778 3282 856 3343 Ἀλλά
869 3287 1010 3367 ροθοῢμαι,

269 3361 384 3443 Οὖρανέ·
399 3363 490 3424 καὶσὺ
505 3365 589 3446 φέρεις
603 3368 759 3450 ἀστερόεντα
774 3372 849 3434 κύνα.

364 3513 410 3564 19.
433 3506 577 3566 ΑΡΧΙΟΥ
597 3509 879 3577 ΜΙΤΥΛΗΝΑΙΟΥ.

228 3639 263 3702 ‘0
278 3639 338 3719 repis
356 3643 521 3703 ἀελλοπόδων
540 3644 648 3726 λάμψας
662 3648 741 3709 πλέον
759 3651 852 3720 Atesi<
866 3652 969 3734 ίππων,

267 3730 282 3785 θ
295 3728 356 3807 πρὶν
371 3729 436 3788 ὑπαὶ
451 3728 555 3810 μίτραις
568 3735 641 3791 κῶλα
654 3738 850 3818 καθαψάμενος,

227 3903 258 3950 Et
271 3901 372 3967 projecit
386 3901 454 3951 humi
471 3918 617 3969 properans,
630 3915 716 3958 octona
728 3910 866 3977 priusquam

262 3984 390 4035 vincirent
403 3984 508 4050 geminas
523 3986 622 4039 brachia
633 4005 694 4041 seva
705 4007 800 4047 manus·

229 4067 275 4116 Ille
290 4067 377 4118 rubum
386 4069 464 4135 jactus
476 4071 553 4136 tetigit
565 4071 721 4142 leporemque
735 4077 861 4142 latentem,

261 4153 293 4199 Et
305 4152 379 4201 traxit
392 4153 490 4218 pauidos
503 4153 528 4203 in
542 4171 584 4204 sua
597 4155 675 4207 vincla
688 4160 769 4226 pedes.

228 4231 267 4281 Sic
278 4233 342 4298 cepit
351 4234 393 4298 qui
403 4243 485 4300 raptus
496 4243 564 4298 σταῖς
576 4237 621 4287 riui
632 4241 729 4304 premia
741 4244 829 4294 redunt

261 4313 334 4372 Bina,
347 4330 431 4380 senex,
442 4325 512 4367 terrse
525 4319 605 4382 prreda
616 4320 735 4389 simulque
746 4327 828 4376 meris.

535 4437 575 4489 15.
594 4453 709 4492 ιιιαειτι.

228 4549 282 4596 Heu
296 4546 391 4612 vigilem
401 4549 443 4614 qui
453 4561 523 4601 nocte
535 4569 604 4618 paras
615 4556 746 4608 accendere
759 4559 895 4627 llammmn,

261 4635 291 4681 Et
301 4629 390 4680 lacibus
402 4632 474 4682 velles
483 4633 565 4685 lumen
576 4635 667 4688 habere
675 4641 735 4697 tuis,

227 4716 300 4764 Sume
311 4731 364 4764 meo
377 4713 497 4768 llnmmnm
510 4719 540 4769 de
554 4730 651 4786 pectore
665 4738 672 4773 r
688 4740 744 4774 nam
759 4743 811 4778 mea
826 4729 896 4796 plena

262 4799 361 4864 Semper
372 4797 519 4850 inexhaustis
533 4801 625 4868 ignibus
636 4814 672 4853 est
682 4807 770 4857 enimc.

521 4921 559 4970 ιθ.
578 4937 713 4973 manaseas.

228 5033 387 5097 Temporibus
399 5045 503 5100 praesunt
516 5037 561 5087 tria
574 5039 686 5103 numine,
695 5042 779 5092 Gratia
793 5043 856 5094 trina
868 5055 902 5096 est
919 5062 926 5096 ι

262 5115 400 5180 Virginibus
413 5119 504 5184 puriter
518 5137 556 5171 me
569 5117 645 5173 trihus
657 5124 705 5174 urit
715 5141 792 5178 curor.

228 5199 308 5247 Unum
320 5213 359 5248 me
371 5199 459 5266 triplici
473 5201 569 5253 truiasit
581 5205 711 5268 arundine,
721 5217 860 5277 tamquam,

223 5317 226 5322 .
262 5283 327 5332 Esset
339 5297 388 5333 non
401 5299 489 5348 unum,
503 5284 544 5336 sed
559 5285 606 5337 trie
617 5287 688 5339 eorda
705 5288 774 5343 milri.

1056 610 1082 658 ct
1096 607 1299 672 comprehensum
1319 609 1384 660 citus
1401 608 1503 670 proiecit
1523 610 1555 660 ed
1568 613 1673 672 terram,
1695 610 1836 675 priusquam

1086 700 1197 751 volveret
1208 701 1249 751 ille
1258 701 1384 752 nrordicus
1392 704 1541 753 cetcteusos
1550 703 1635 753 cirros.
1668 703 1837 765 teirecmnnus

1055 786 1172 838 vibratus
1181 792 1262 839 nutem
1274 801 1350 853 super
1361 788 1504 840 viridarium
1514 791 1539 841 in
1549 792 1656 842 casulem
1667 792 1788 844 misellam
1801 794 1835 846 le·
1926 820 1927 823 ¹

1087 873 1308 938 circumplectendo
1321 875 1412 927 uelocis
1423 877 1513 940 leporis
1526 877 1609 940 ligavit
1618 877 1710 942 pedes:
1742 878 1836 943 [peria

1056 973 1086 1009 ae
1095 960 1160 1024 eupit
1168 963 1263 1024 raptus.
1274 965 1306 1012 at
1318 965 1346 1012 tu
1355 961 1504 1025 insperatum
1515 962 1689 1015 hubesmunns
1699 966 1837 1031 utrimque,

1087 1048 1178 1112 prmdrn
1193 1049 1332 1111 terrestris,
1349 1064 1365 1101 ο
1380 1063 1469 1111 senex,
1484 1054 1510 1102 et
1526 1052 1635 1102 marium.

1336 1204 1374 1250 15.
1395 1212 1554 1257 Altonum.

1056 1336 1140 1398 ipsum
1157 1338 1236 1402 ignem
1249 1353 1320 1391 urere
1332 1355 1458 1405 querens,
1471 1357 1486 1392 ο
1501 1345 1544 1404 tu,
1557 1344 1600 1407 qui
1611 1347 1683 1395 noctu

1087 1424 1213 1486 puldrrem
1226 1427 1303 1478 lacem
1318 1429 1387 1493 cupis
1400 1430 1660 1495 destun-intercipere,

1057 1511 1097 1560 lrtc
1111 1511 1143 1563 de
1155 1526 1210 1564 mea
1227 1515 1307 1566 anima
1321 1517 1426 1568 accende
1437 1518 1536 1581 Ιιιιιιοιις
1548 1520 1614 1571 intus
1626 1523 1689 1572 eninr
1698 1522 1777 1573 inme

1090 1598 1246 1662 quod-uritur
1262 1603 1365 1654 multem
1379 1605 1469 1656 emittit
1483 1607 1615 1659 dammum.

1339 1749 1375 1796 ιε.
1392 1738 1560 1800 aneson.

1056 1877 1143 1925 Teme
1151 1879 1210 1926 srtrrt
1222 1878 1326 1938 Gmtin,
1338 1881 1464 1944 ternmque
1479 1880 1685 1947 dulces-virgines
1698 1888 1783 1946 llnrru,

1087 1968 1110 2012 et
1119 1964 1226 2014 ternimc
1233 1965 1256 2014 iu
1267 1965 1525 2020 temiuaeinsauicntes
1533 1971 1837 2036 sagittis-petuntrtmorca.

1056 2053 1118 2102 sune
1128 2050 1193 2102 enim
1203 2057 1282 2102 Διιιον
1291 2058 1342 2105 tres
1351 2069 1424 2106 arcus
1436 2057 1516 2114 trusit.
1525 2062 1640 2122 tuisqucm
1651 2061 1736 2124 utiquc

1087 2152 1135 2188 non
1146 2151 1223 2189 uuum
1234 2141 1422 2204 vulneraturus,
1436 2145 1479 2195 scd
1494 2145 1541 2196 tria
1555 2145 1580 2196 in
1595 2161 1636 2198 me
1650 2149 1731 2199 eorrlu.

1255 2285 1293 2332 17.
1311 2284 1483 2335 Germania
1498 2287 1642 2338 causatis.

1056 2410 1139 2460 Monte
1156 2422 1185 2460 ex
1198 2423 1296 2462 summo
1312 2414 1383 2477 lepus
1396 2415 1485 2468 cecidit
1498 2419 1556 2469 olim
1569 2421 1592 2470 in
1606 2422 1771 2484 protundum,

1087 2497 1197 2562 elingere
1210 2499 1312 2563 cupiens
1324 2513 1437 2565 asperum
1448 2505 1546 2557 dentem
1558 2496 1641 2560 endis:
1690 2511 1768 2574 [euim
1784 2526 1839 2564 curn

1055 2585 1100 2635 sed
1120 2597 1150 2636 ne
1171 2585 1207 2635 sic
1227 2587 1327 2651 quidem
1340 2589 1471 2644 declinavit
1489 2594 1581 2645 madum
1600 2597 1678 2648 letum
1692 2601 1840 2653 :confestim

1086 2671 1196 2723 marinus
1212 2677 1285 2724 ranis
1297 2680 1438 2741 correptum
1452 2681 1531 2732 anirml
1544 2685 1647 2738 orbavit.
1684 2689 1728 2754 [tn
1741 2691 1839 2746 ‹lmrnnu

1055 2761 1091 2807 Er
1105 2757 1174 2824 igne,
1191 2763 1217 2810 ut
1232 2764 1269 2812 est
1283 2761 1378 2825 tabula,
1394 2767 1503 2818 cecidisti
1514 2770 1537 2819 in
1548 2773 1671 2826 tlummnm
1681 2799 1686 2827 :
1697 2793 1756 2830 senc
1766 2782 1841 2846 igitur

1013 2879 1015 2884 .
1087 2849 1113 2896 et
1128 2845 1152 2896 iu
1165 2849 1227 2898 mari
1240 2853 1265 2900 et
1278 2849 1303 2899 in
1322 2853 1387 2901 terra
1399 2854 1461 2906 aluit
1475 2858 1577 2910 curribus
1592 2875 1682 2914 eseam.

1341 3015 1377 3062 18.
1401 3017 1553 3066 Eiusdem.

1055 3138 1114 3189 Post
1126 3151 1213 3192 canem
1227 3147 1292 3210 cepit
1305 3151 1373 3202 canis
1388 3165 1437 3204 rue.
1457 3154 1522 3211 Quid
1536 3156 1641 3208 mirum?
1652 3159 1677 3209 iu
1693 3173 1733 3212 me
1749 3161 1839 3215 bellum·

1084 3226 1195 3282 humidae
1206 3235 1233 3284 et
1245 3238 1374 3291 terrestres
1386 3241 1494 3294 animum
1503 3243 1595 3297 habent
1607 3261 1694 3300 unum.

1055 3315 1155 3368 AEtlrera
1164 3317 1280 3388 deinceps
1292 3325 1413 3394 habentis,
1425 3345 1442 3381 ο
1452 3332 1562 3396 lepores,
1573 3337 1698 3399 pervium.
1713 3342 1745 3390 at
1754 3341 1838 3400 timus,

1086 3405 1225 3470 ocoelum3
1241 3414 1267 3462 et
1279 3415 1307 3464 tu
1324 3416 1389 3480 geris
1402 3419 1542 3472 stellantem
1556 3437 1651 3474 ennern.

1251 3557 1289 3607 19.
1305 3559 1435 3610 ARGHIAE
1449 3564 1650 3617 MlTYLENAEl.

1055 3676 1105 3732 Qui
1119 3678 1178 3730 clim
1199 3684 1539 3756 velocibus-instar-prneellm
1557 3698 1733 3762 praesplenduit
1752 3703 1838 3766 Aquila

1084 3767 1194 3828 quiclim
1204 3771 1292 3824 subtus
1302 3776 1381 3829 trenlls
1389 3781 1499 3831 membra
1508 3782 1722 3851 indutu-habebat,
1740 3790 1838 3855 [equis

1280 3957 1322 4002 ¹17.
1340 3957 1481 3993 ultuantes
1503 3964 1614 3999 mattis.

1054 4051 1149 4102 Decidit
1159 4053 1184 4103 in
1194 4057 1289 4122 pelagus
1298 4077 1390 4114 summu
1400 4064 1430 4116 de
1439 4067 1544 4119 eulmine
1552 4072 1653 4135 montis,

1088 4136 1184 4188 Eritare
1193 4157 1279 4192 canum
1290 4145 1347 4196 dum
1361 4149 1428 4216 cupit
1439 4167 1495 4217 οιι,
1506 4154 1585 4220 lepus.

1054 4217 1108 4266 lluc
1118 4235 1214 4287 queque
1227 4229 1381 4294 persequitur
1389 4235 1451 4284 mala
1461 4251 1527 4299 sors,
1540 4247 1565 4287 et
1580 4240 1604 4287 in
1614 4256 1709 4306 aeqnnrn
1725 4243 1819 4309 lapsum

1088 4300 1181 4367 Arripit
1192 4320 1317 4370 sequoreus
1326 4311 1489 4382 dilaceratque
1498 4319 1571 4369 canis.

1053 4382 1089 4430 Ex
1104 4381 1157 4447 igne
1169 4385 1195 4436 in
1208 4388 1328 4442 dammam
1343 4396 1403 4448 ruis.
1438 4405 1476 4448 An
1494 4400 1538 4450 tuit
1554 4401 1600 4453 hoc
1618 4405 1662 4455 tibi
1678 4406 1766 4468 tutum,

1089 4469 1121 4516 Ut
1130 4471 1229 4522 canibus
1240 4484 1305 4527 terre
1320 4481 1400 4544 prseda
1413 4484 1505 4534 nmrire
1518 4485 1598 4538 iores?

1360 4601 1399 4650 ιθ.
1418 4617 1537 4654 crusnam.

1053 4708 1090 4754 De
1100 4722 1160 4757 canc
1171 4721 1290 4762 serratum
1303 4715 1369 4765 canis
1382 4720 1483 4784 arripit,
1493 4737 1588 4787 aequore
1598 4737 1652 4776 nntu

1087 4792 1134 4842 Vel
1146 4794 1215 4844 terris
1227 4798 1317 4862 pariter
1330 4816 1369 4851 me
1381 4805 1467 4867 pmnrit
1480 4805 1514 4856 irc
1524 4825 1620 4860 canum.

1053 4872 1095 4924 Nil
1109 4875 1177 4924 robis
1191 4885 1283 4936 tutum,
1299 4882 1405 4946 lepores,
1418 4885 1463 4935 nisi
1477 4889 1554 4940 sidera
1567 4910 1573 4941 :
1588 4909 1668 4942 uerum

1087 4961 1147 5007 Tuta
1161 4975 1205 5010 nec
1219 4961 1280 5023 lraee,
1292 4967 1387 5030 quando
1398 4979 1433 5018 est
1443 4970 1506 5022 inter
1515 4983 1540 5024 et
1549 4986 1612 5025 asim
1627 4977 1700 5028 cursis.

1274 5117 1311 5164 ¹9·
1331 5120 1426 5154 lacurn
1442 5108 1611 5177 [ταντα-τιμά.

1053 5213 1281 5283 AEetusinterequos
1291 5221 1411 5274 notissima
1421 5226 1495 5292 gloria
1505 5245 1582 5295 nuper

1087 5302 1114 5348 ln
1126 5300 1195 5350 sertis
1208 5301 1295 5354 llorens
1307 5322 1401 5374 semper
1414 5320 1438 5360 et
1453 5310 1477 5360 in
1491 5311 1608 5378 phaleris,
