3878 5912
494 423 618 486 CAPUT
640 429 688 488 lX.
714 423 988 497 EPIGRAMMATA
1012 440 1347 506 DEMONSTRATIVA.

151 545 266 606 πολλα’κι
277 555 337 624 γοῦν
350 550 431 623 αὐτὴν
447 553 519 634 disper
530 558 577 615 ἀπ’
589 560 735 639 ἀθανάτων,

108 631 168 710 ἠέρι
178 633 223 690 καὶ
234 637 358 714 νερέλησι
371 640 506 719 μετῄορον·
522 633 589 704 οἶδεν
601 645 731 727 Ὅμηρος,

148 721 194 778 καὶ
207 724 258 781 Δία
271 727 424 806 συγγράψας
438 734 470 808 τῇ
485 737 587 812 γαμετῇ
599 735 698 812 χόλιον.

106 807 201 874 Οὕτως
216 811 337 870 οὐδέποτ’
348 816 403 873 ἐστὶ
418 817 481 892 γυνὴ
496 821 634 900 σύμφωνος
649 826 757 908 droise,

53 922 79 962 lo
147 896 205 956 οὐδὲ
220 900 264 956 καὶ
281 902 307 958 έν
322 903 427 983 χρυσέῳ
439 912 583 984 μιγνυμένη
597 912 709 992 δαπέδῳ.

366 1045 427 1096 166.
448 1048 507 1095 ΤΟΥ
525 1051 631 1102 ΑΥΤΟΥ.

106 1163 203 1220 iliona
215 1161 337 1244 Ὅμηρος
354 1167 434 1235 ἔδειξε
448 1169 533 1242 κακὴν
550 1175 682 1253 σφαλερῆν
695 1201 723 1236 τε
735 1191 861 1257 γυναῖκα,

145 1247 268 1330 σώφρονα
283 1253 329 1310 καὶ
343 1255 449 1334 πόρνην,
466 1260 614 1340 ἀμφοτέρας
628 1263 741 1342 ὄλεθρον.

101 1335 153 1396 Ἐκ
166 1337 218 1416 γδιρ
232 1343 279 1410 τῆς
294 1339 403 1413 Ἑλένης
420 1351 630 1424 μοιχευσαμένης
642 1351 717 1430 ρόνος
732 1358 845 1437 ἀνδρῶν,

140 1425 187 1484 καὶ
199 1427 243 1487 διὰ
258 1431 429 1510 σωφροσύνην
447 1437 603 1507 Πηνελόπης
619 1441 735 1502 θάνατοι.

99 1511 181 1579 ’lule
196 1506 240 1573 aiio
253 1515 283 1575 τό
295 1519 403 1595 πόνημα
416 1531 479 1593 μιᾶς
492 1523 571 1602 χάριν
585 1527 641 1583 ἐστὶ
656 1535 786 1605 γυναικός·

139 1603 222 1682 αὐτὰρ
236 1603 379 1686 Ὀδυσσείῃ
398 1609 539 1682 Πηνελόπη
553 1613 690 1693 πρόρααις.

361 1753 421 1806 167.
441 1759 501 1805 ΤΟΥ
519 1760 626 1809 ΑΥΤΟΥ.

96 1874 131 1936 Ὁ
145 1875 212 1942 Ζεὺς
227 1877 285 1936 ἀντὶ
300 1879 381 1958 πορδς
395 1886 448 1959 πῦρ
462 1880 569 1941 ὤπασεν
584 1885 665 1958 ἄλλο,
679 1900 814 1967 γυναῖκας.

135 1963 199 2024 Εἴθε
212 1963 240 2022 δέ
257 1965 324 2039 μήτε
337 1966 421 2042 γυνὴ,
457 1962 505 2040 η’τε
516 1971 546 2028 τὸ
558 1977 610 2052 πῦρ
625 1975 721 2052 ἔροίνηέ

96 2052 155 2128 Πῦρ
167 2051 259 2128 μὲνδὴ
272 2053 375 2133 ταχέως
390 2055 435 2114 καὶ
449 2055 601 2116 σόέννυται·
615 2065 631 2132 ἡ
647 2064 674 2120 δέ
688 2063 752 2140 γυνδΙ
768 2073 820 2146 πῐὶρ

133 2139 275 2214 ἄσὸεστον,
290 2143 425 2222 φλογερὸν,
438 2144 545 2204 πόντοτ’
560 2148 750 2226 ἀναπτόμενον.

353 2289 415 2340 168.
437 2293 497 2338 ΤΟΥ
517 2293 625 2344 ΑΥΤΟΥ.

969 591 1035 642 saepe
1048 585 1114 632 certe
1122 596 1177 634 eam
1190 583 1278 647 dejecit
1290 585 1321 636 ab
1331 588 1523 646 immortalibus.

936 666 1032 720 in-aere
1043 685 1072 722 ae
1085 673 1190 725 nubibus
1205 681 1349 740 suspensam
1363 700 1368 728 :
1382 682 1451 732 norit
1464 686 1595 742 llorurrus.

968 757 1042 808 etiam
1055 745 1140 811 lovem
1150 763 1307 828 qui-seripsit
1319 769 1387 817 uxori
1400 769 1498 820 iratum.

935 844 975 894 sio
985 859 1110 910 nunquam
1120 854 1158 901 est
1169 865 1231 902 uxor
1242 867 1342 906 concors
1352 858 1451 919 marito,

911 981 917 993 ,
966 947 997 984 na
1010 935 1030 984 si
1039 937 1140 1000 quidem
1151 939 1176 988 in
1190 953 1263 990 aureo
1275 944 1345 995 nubit
1358 948 1420 998 solo.

1214 1076 1265 1121 166.
1288 1087 1435 1132 ῈΠΙδΟΕΜ.

934 1200 1037 1249 Omnem
1055 1203 1300 1268 Homerospstendit
1311 1209 1401 1259 malam
1420 1210 1582 1278 fallacemque
1593 1229 1645 1266 esse
1660 1230 1715 1265 mu·

963 1287 1099 1340 modestam
1105 1277 1431 1361 etmeretriremssutramque
1436 1301 1605 1362 perniciosam.
1613 1303 1714 1368 [liorem.

931 1375 1028 1426 Etenim
1037 1391 1073 1428 err
1081 1381 1180 1432 Helenae
1193 1383 1315 1434 adulterio
1325 1385 1407 1437 oaedes
1419 1389 1478 1440 orto
1488 1389 1597 1442 virorum
1606 1395 1651 1452 est,

962 1466 987 1514 et
1000 1478 1044 1528 per
1055 1467 1201 1519 modestiam
1218 1472 1350 1538 Perrelopes
1364 1474 1458 1525 lunera.

932 1550 989 1600 llias
998 1553 1075 1616 igitur
1085 1536 1147 1619 opus
1156 1557 1231 1608 unios
1240 1560 1318 1622 gratia
1331 1564 1425 1613 exstitit
1436 1565 1563 1626 mulieria;

961 1639 1079 1702 Odyssea
1089 1643 1172 1692 autem
1183 1645 1304 1711 Penelope
1317 1662 1391 1700 eausa
1401 1651 1465 1716 fuit.

1210 1780 1262 1826 iat.
1284 1789 1437 1833 BJUSDEM.

927 1900 1041 1963 iuppiter
1050 1917 1095 1967 pro
1106 1907 1160 1971 igne
1169 1908 1249 1973 ignem
1260 1910 1368 1974 praebuit
1377 1913 1462 1977 alium,
1477 1916 1601 1968 mulieres

961 1990 1057 2040 [tinam
1073 2007 1134 2044 rero
1150 2010 1230 2060 neque
1244 1999 1344 2064 molier,
1354 2015 1434 2064 neque
1448 2003 1510 2066 ignis
1524 2007 1691 2069 apparuisset!

925 2076 1710 2157 lgmsquidemsaoeoitoetiamexstinguitor3sedmuliorestig·

957 2163 1124 2238 inexstinctus,
1134 2171 1272 2236 llammeos,
1284 2176 1648 2240 semper-et-ohiquaerardens.
1662 2181 1709 2246 [uis

1202 2319 1254 2364 loa.
1274 2327 1433 2387 xerosorrr.

92 2417 166 2485 Μῆν
175 2439 205 2472 ιν
220 2419 413 2492 οὐλομένην
428 2420 545 2499 γαμετῆν
561 2427 574 2481 ὁ
589 2425 671 2493 τόλας
685 2429 823 2506 γεγάμηκα
829 2473 838 2504 ,
912 2411 938 2480 Ιν
950 2441 1014 2488 Iram
1025 2440 1149 2493 funestam
1161 2464 1173 2488 ν
1185 2457 1288 2497 uxorem
1297 2449 1373 2500 miser
1382 2449 1454 2512 duri,

130 2503 177 2560 καὶ
191 2504 266 2585 παρὰ
280 2509 327 2576 τῆς
342 2506 437 2587 τέχνης
449 2509 556 2586 μήνιδος
569 2512 721 2590 ἀρξόμενος.

88 2587 174 2674 ’ῼμοι
189 2591 244 2672 ἐγὼ
255 2593 416 2669 πολύμηνις,
431 2595 500 2676 ἔχων
513 2600 654 2678 διχόλωτον
670 2603 796 2683 ἀνάγκην,

128 2679 222 2760 τέχνης
237 2687 425 2760 γραμματικῆς
437 2686 482 2743 καλ
496 2692 615 2764 γαμετῆς
627 2690 758 2769 μαχίμης,

355 2833 415 2884 169.
434 2837 493 2883 ΤΟΥ
511 2839 617 2889 ΑΥΤΟΥ.

86 2959 174 3028 Μῆνις
187 2957 326 3039 Ἀχιλλῆος
341 2961 386 3018 καὶ
401 2962 459 3039 ipsi
474 2965 603 3044 πρόφασις
616 2967 754 3045 γεγένηται

127 3047 269 3121 οὐλομένης
283 3049 375 3121 πενίης
389 3054 693 3133 γραμματικευσαμένῳ.

85 3133 151 3194 Εἴθε
165 3135 192 3195 δὲ
209 3133 255 3193 alr
271 3139 386 3204 Δαναοῖς
402 3163 435 3216 με
449 3139 594 3202 κατέκτανε
607 3147 683 3219 μῆνις
698 3144 803 3220 ἐκείνη,

125 3225 188 3304 πρὶν
199 3226 404 3304 χαλεπὸςλιμὸς
414 3237 599 3309 γραμματικῆς
615 3232 711 3293 ὀλέσει.

84 3311 156 3372 ’all'
168 3311 201 3370 tr·
215 3315 358 3394 ἆραρπόξῃ
370 3315 502 3394 Βρισηΐδα
517 3320 578 3397 πρὶν
590 3321 772 3398 Ἀγαμέμνων,

123 3399 173 3472 τῆν
189 3399 301 3475 Ἑλένην
316 3403 340 3462 δ’
355 3408 370 3462 ὁ
385 3404 484 3484 Πάρις,
497 3407 605 3488 πτωχὸς
621 3408 673 3487 ἐγὼ
687 3409 810 3486 γενόμην.

348 3549 408 3599 170.
429 3553 488 3597 ΤΟΥ
506 3554 612 3603 ΑΥΤΟΥ.

85 3669 174 3744 Naidis
189 3671 362 3751 ἄναέσχυντον
378 3674 511 3755 στιόαροῐς
523 3675 628 3755 ᾔσγυνα
644 3678 794 3757 λογισμοῖς,

114 3841 206 3904 Desiit,
219 3841 320 3908 ejectam
334 3843 448 3909 iuppiter
463 3860 519 3894 aree
535 3845 586 3912 poli

81 3927 210 3993 Saupendit
220 3926 316 3977 nebulis
330 3937 402 3993 atque
413 3944 478 3978 aere.
514 3931 589 3980 Novit
601 3932 734 3991 Homerus,

113 4012 206 4058 Iratum
220 4008 317 4075 scripsit
331 4010 373 4076 qui
384 4009 444 4068 tibi,
455 4014 471 4060 J
474 4027 539 4075 ono,
551 4015 646 4062 lovem.

80 4094 211 4158 Nunquam
228 4092 302 4157 igitur
315 4108 416 4144 consors
430 4093 496 4144 viret
507 4105 618 4145 matrona
630 4096 730 4156 marito,

110 4175 135 4226 Si
147 4190 194 4224 nee
208 4174 234 4224 in
251 4173 353 4225 etherio
366 4175 478 4242 prostitit
488 4175 536 4226 lroo
544 4177 664 4227 thalamo.

371 4309 428 4359 aas.
447 4323 566 4359 υυιοιιιι.

78 4425 216 4477 Furiosum
227 4441 302 4492 gnus
316 4441 387 4476 omna
402 4443 491 4476 nocens
502 4425 552 4478 :ita
564 4438 646 4477 censet
658 4432 777 4478 Homerus
791 4446 798 4480 ι

110 4508 207 4558 Grande
221 4507 312 4558 malam
323 4506 417 4558 macha
434 4517 486 4570 est,
497 4509 586 4574 grande
598 4510 684 4575 pudico
696 4511 793 4562 malum.

77 4590 166 4640 Multas
180 4606 230 4640 esse
244 4605 316 4641 neces
334 4591 425 4641 llelene
434 4591 593 4641 dat'adultera
607 4607 613 4642 :
628 4608 711 4643 rerum

111 4675 178 4723 (hsta
200 4673 242 4723 dat
257 4681 282 4722 at
298 4661 385 4722 muitas
401 4674 536 4740 Penelopea
553 4691 631 4723 neces.

76 4753 132 4803 Ilias
142 4755 286 4804 immensum
295 4770 394 4805 oarmen
408 4763 517 4804 versatur
530 4756 556 4804 in
571 4772 636 4816 una,

110 4839 209 4902 ilnaque
222 4837 334 4904 Odyssea
347 4836 437 4887 lamina
450 4837 552 4886 materia
565 4846 609 4887 eat.

364 4967 420 5028 167.
442 4982 563 5015 uosnrrr.

76 5078 117 5128 Ab
128 5083 185 5130 iore
197 5097 242 5148 pro
253 5081 351 5132 flamma
363 5083 420 5134 data
430 5081 501 5134 nobis
512 5084 588 5132 altera
598 5082 693 5133 llamrna
705 5094 740 5134 est

109 5165 213 5222 Femina,
227 5176 253 5216 at
263 5183 280 5217 o
291 5167 311 5217 si
324 5183 374 5217 uon
387 5167 443 5227 illa,
452 5183 497 5217 neo
515 5165 558 5215 illa
572 5163 642 5216 ioret.

77 5245 156 5296 Sedari
167 5255 245 5298 tamen
258 5250 300 5300 illa
314 5260 393 5316 potest
408 5251 456 5301 cilo
471 5266 477 5301 :
492 5246 580 5299 femina
594 5265 735 5316 nonquam,

182 5351 322 5390 ΑΠΙΟΜΟΙΑ
336 5356 363 5392 11.

955 2526 1029 2577 etiam
1040 2528 1142 2590 iubente
1151 2533 1204 2582 arte
1219 2552 1231 2576 ι
1247 2533 1328 2585 ab·ira
1342 2536 1489 2602 »incipiens

922 2617 968 2666 ilei
977 2618 1045 2680 milri,
1056 2621 1321 2687 ira-cumulatussum,
1332 2627 1425 2679 habens
1432 2629 1707 2700 duplicia-iraeneoesst·

952 2707 1012 2756 artis
1021 2709 1187 2772 grammatices
1195 2715 1222 2762 et
1235 2725 1330 2776 sponsa
1341 2717 1465 2779 pugnacis.
1619 2723 1706 2788 [totam

1201 2847 1252 2894 169.
1276 2855 1426 2902 EJUSDEM.

920 2977 961 3026 lra
972 2976 1073 3027 Achillis
1080 2979 1107 3028 et
1115 2977 1177 3029 mila
1185 2992 1261 3030 causa
1272 2981 1389 3034 sacta-est

953 3063 1058 3116 maestae
1071 3069 1224 3132 paupertatis
1237 3071 1562 3133 grammaticam-tractanti.

918 3155 1016 3207 Utinam
1029 3157 1177 3209 autemeam
1189 3161 1280 3210 Danais
1293 3174 1333 3212 me
1345 3162 1510 3216 interemisset
1524 3165 1559 3215 iro
1571 3169 1623 3225 itta.

948 3247 1079 3312 antequam
1093 3245 1155 3298 dura
1167 3247 1246 3298 sames
1258 3250 1425 3312 grammaticae
1436 3265 1478 3301 mo
1492 3253 1590 3317 perdet!

917 3331 964 3381 Sed
977 3345 1027 3396 qao
1038 3336 1135 3396 raperet
1146 3335 1256 3386 Briseida
1270 3319 1517 3403 olim'Agamemnom

946 3420 1104 3484 lielenenqne
1118 3424 1196 3484 Paris,
1211 3424 1339 3477 mendicus
1353 3440 1398 3491 ego
1410 3427 1569 3482 taetus-som.

1195 3567 1247 3615 170.
1271 3575 1423 3622 BJUSDEM·

917 3691 1034 3740 Ventrem
1044 3689 1213 3754 impudentem
1225 3693 1341 3757 gravibus
1349 3697 1455 3760 repressi
1468 3699 1699 3765 ratiocinationibus,

873 3797 1696 3824 Ἣ

946 3849 1058 3915 Undique
1071 3851 1237 3910 inardescens,
1252 3855 1358 3922 undique
1369 3868 1444 3907 semet
1457 3859 1532 3909 alona.

1209 3973 1263 4022 raa.
1283 3989 1398 4026 rrusorrr.

1076 4073 1107 4117 Ιιι
1125 4086 1222 4119 uxorem
1240 4090 1308 4123 suam
1330 4073 1528 4130 Andromachen.

909 4185 972 4232 Iram
990 4183 1127 4249 pestiferam
1138 4187 1211 4237 miser
1223 4187 1271 4238 heu
1283 4207 1327 4257 pro
1339 4195 1438 4259 conjuge
1450 4197 1506 4246 duxi
1521 4215 1527 4249 ε

942 4266 1009 4316 Artis
1023 4267 1169 4334 principium
1182 4287 1227 4320 neo
1238 4273 1317 4323 minus
1329 4275 1365 4325 ira
1377 4277 1437 4326 mihi
1450 4288 1495 4330 est,

908 4345 947 4396 Sie
960 4349 1055 4412 gemino
1073 4351 1150 4414 gravis
1161 4352 1197 4401 ira
1213 4363 1279 4403 tenet
1293 4371 1330 4406 me
1344 4360 1459 4425 compede
1474 4362 1593 4424 vinclum,

941 4431 1008 4481 Artis
1019 4433 1199 4493 Grammatieae‚
1212 4438 1318 4504 conjugis
1329 4439 1459 4498 indomitae.

1204 4541 1259 4602 169.
1279 4558 1394 4595 arrrsnrar.

907 4637 946 4682 lra
959 4642 1015 4694 toa,
1028 4636 1140 4698 AEaoide,
1155 4653 1210 4687 nam
1225 4649 1304 4690 tracto
1316 4655 1425 4708 poemata
1441 4663 1540 4714 proriper,

939 4716 1004 4765 Olim
1019 4717 1085 4774 aliis,
1099 4719 1139 4768 sed
1155 4736 1218 4768 nune
1229 4723 1361 4786 perniciosa
1373 4727 1431 4774 milri
1442 4739 1486 4778 est.

904 4803 926 4848 0
938 4799 1030 4848 utinam
1047 4817 1085 4851 me
1095 4819 1149 4851 cum
1163 4805 1252 4854 Danais
1266 4808 1387 4858 occideret
1399 4810 1454 4865 illa,

936 4885 974 4932 Ne
991 4885 1087 4948 gravior
1099 4885 1179 4936 veniat
1195 4903 1259 4936 mors
1271 4890 1345 4959 milti,
1358 4893 1426 4943 docta
1440 4894 1521 4944 lomes.

902 4966 972 5028 Quod
987 4966 1054 5016 Paria
1066 4977 1122 5016 ante
1136 4970 1269 5032 Helenam,
1281 4975 1384 5023 Briseida
1399 4978 1462 5042 cepit
1477 4979 1585 5040 Atrides,

935 5051 992 5096 ilree
1005 5046 1065 5098 mihi
1078 5063 1281 5115 nunceausaest,
1293 5070 1389 5121 turego
1403 5059 1436 5107 nil
1449 5061 1550 5126 capiam.

1201 5185 1256 5230 170.
1278 5188 1395 5224 roosnrrr.

899 5260 1015 5327 Experior
1027 5265 1144 5312 Ventrem
1158 5265 1290 5330 reprimens
1302 5286 1411 5321 sermone
1425 5289 1525 5336 sereno,

1549 5369 1562 5405 a
