3774 5914
443 485 567 544 cst’ul
588 486 636 545 tx.
661 487 939 548 attellanarum
964 491 1297 553 batton'slltatlt'n:

215 625 281 675 lto.
305 616 498 675 't‘ot'mttol
520 618 694 678 ΣΑΒΙΝΟΥ.
1133 643 1188 688 llo.
1205 643 1312 691 auten
1327 643 1437 692 ssutnt.

64 799 66 805 ·
83 759 197 836 Σμίνθος,
210 763 223 816 θ
236 757 360 830 παντοίης
373 759 459 826 δαιτὸς
473 761 573 839 λίχνος,
589 761 646 820 οὐδὲ
660 763 778 843 μυάγρης

103 847 227 919 ’δειλδς,θ
241 852 294 906 κάκ
308 847 419 906 θανάτου
433 847 526 929 κέρδεα
539 850 695 926 λῃζόμενος,

81 935 219 1008 νευρολάλον
234 934 337 994 Φοίὸου
348 934 446 1014 χορδὴν
462 935 556 1015 θρίσεν·
570 941 587 1006 ἡ
603 939 625 995 δ’
639 938 681 995 ἐπὶ
693 942 780 1018 πῆχυν

114 1022 234 1096 ἕλκομένη
249 1022 324 1102 θηρδς
335 1022 431 1100 λαιμὸν
444 1021 626 1103 άπεθρόχισεν.

78 1111 157 1178 Teius
171 1110 306 1190 εθστοχίην
319 1112 497 1189 θαυμάζομεν·
512 1111 538 1178 δς
552 1115 579 1172 δὲ
594 1117 652 1173 κατ’
668 1117 767 1196 ἐχθρῶν
792 1102 796 1112 ¹

113 1201 159 1273 ἤδη
172 1199 216 1260 καί
230 1200 340 1280 κιθάρην
352 1198 476 1281 εὔστοχον
490 1200 569 1262 ὅπλον
583 1201 647 1282 ἔχει.

894 779 963 836 llus,
978 779 1113 842 omnigenae
1122 780 1191 844 danis
1199 781 1315 846 cupidus,
1326 798 1405 848 neque
1415 785 1559 848 muscipulae

923 865 1038 928 timidus,
1049 868 1091 929 qui
1099 869 1136 917 vel
1147 883 1161 918 e
1172 874 1252 920 morte
1263 871 1330 921 lucra
1341 872 1474 936 pratiatur,

893 953 1061 1016 inervilnquam
1070 954 1155 1005 thbi
1163 956 1279 1007 chordam
1288 959 1355 1024 rupit
1372 979 1379 1008 ι
1394 959 1448 1010 baec
1457 963 1579 1014 autemad
1588 963 1672 1030 jugum

924 1043 1029 1091 attracta
1041 1041 1127 1093 bestiae
1137 1047 1223 1108 guttur
1233 1046 1372 1097 suliocanit.

892 1131 971 1178 Arcus
979 1130 1163 1181 centurn-ictum
1175 1132 1293 1184 miramur
1306 1133 1363 1184 :ille
1375 1149 1434 1186 ιὀτο
1447 1137 1511 1188 deus
1520 1140 1544 1188 in
1554 1139 1638 1190 lrosles

920 1216 971 1280 jam
986 1221 1012 1270 et
1025 1217 1144 1268 citharam
1159 1220 1298 1271 nertiictus
1312 1235 1380 1272 arma
1389 1224 1471 1274 habet.

320 1355 388 1403 att.
412 1346 595 1405 ΜΑΚΚΙΟΥ.
1186 1359 1243 1406 lu.
1259 1359 1379 1408 macen.

77 1482 195 1545 'illlam’
207 1484 330 1556 ἐξαπίνης
341 1485 498 1565 Κορνήλιος,
511 1487 564 1545 οὐδ’
577 1487 614 1546 ἔτι
630 1489 694 1568 λιτῷ

111 1575 230 1653 τέρπεται
245 1573 366 1653 ἡμετέρῳ
382 1577 543 1656 μουσοχαρεῒ
556 1576 648 1654 βιότῳ·

75 1660 164 1738 κούρης
178 1663 200 1720 δ’
212 1665 349 1740 αἰωρεῖται
362 1666 408 1720 ἀπ’
420 1664 539 1732 ἐλπίδος·
552 1663 639 1722 οὐκέτι
653 1665 675 1723 δ’
690 1669 766 1740 ἡμεῖς

110 1754 130 1808 ai
143 1752 239 1828 πάρος,
251 1753 309 1814 ἀλλ’
324 1753 413 1831 ἑτέρης
425 1753 527 1818 ἐλπίδος
543 1751 714 1830 ἐκκρέμαται.

76 1836 197 1912 Εἷκωμεν,
214 1839 303 1917 ψυχή·
319 1839 537 1916 πεπαλαίσμεθα,
553 1839 620 1917 μηδὲ
638 1845 744 1917 βιάζου·

108 1929 140 1991 τίς
151 1927 245 2006 ἔδαρος
257 1927 350 2006 τέχνης
365 1929 463 2004 κείμεθ’
476 1931 520 1985 ὑπ’
536 1931 671 2006 ἀργυρέης.

288 2079 355 2129 ata.
379 2069 619 2129 ΦΙΛΟΔΗΜΟΥ.

891 1497 1053 1545 ulutatus-est
1063 1498 1161 1559 repente
1171 1497 1307 1554 cornelius,
1323 1513 1403 1562 neque
1416 1502 1520 1565 amplius
1533 1503 1601 1554 tenui

859 1599 863 1608 ·
922 1583 1060 1634 delectatur
1072 1586 1156 1634 nostra
1169 1587 1423 1651 que-nusis-gaudet
1433 1591 1497 1652 nita;

890 1669 1034 1721 laniantem
1043 1669 1133 1735 pendet
1144 1685 1159 1721 a
1173 1686 1228 1736 spe;
1239 1674 1349 1736 nnn-jam
1363 1688 1421 1727 veru
1436 1692 1480 1728 nos

920 1771 1013 1808 suanus
1024 1759 1069 1822 qui
1080 1762 1150 1820 ante3
1161 1759 1204 1810 sed
1213 1760 1262 1810 elia
1273 1762 1319 1812 illc
1328 1762 1416 1826 abspe
1430 1771 1618 1829 suspensusesl.

890 1842 1020 1902 Cedamus,
1031 1843 1127 1902 anime3
1138 1844 1371 1909 depugnati-sumus
1380 1888 1385 1907 ,
1395 1864 1474 1913 neque
1486 1853 1635 1904 vim-adlailte
1647 1876 1653 1904 ι

922 1932 946 1980 in
961 1933 1013 1982 salo
1024 1933 1135 1995 jacemus
1147 1938 1225 1984 artem
1239 1949 1283 1998 per
1296 1941 1443 2000 argenteam.

1153 2089 1208 2136 lta.
1223 2088 1407 2140 Ptttuoutzttt.

72 2207 135 2280 Ἦθη
149 2208 192 2266 καὶ
208 2209 284 2286 ῥόδον
297 2207 366 2278 ἐστὶ,
379 2207 423 2266 καί
438 2207 563 2282 ἀκμάζων
581 2207 723 2286 έρέθινθος,

106 2299 148 2356 καὶ
161 2299 255 2355 καυλοὶ
270 2297 410 2373 κράμθης,
427 2296 553 2368 Σωσύλε,
568 2295 753 2375 προιτοτύμου,

72 2387 112 2445 καὶ
125 2385 201 2463 μαίνη
210 2385 226 2410 ²*
238 2375 403 2460 ζαλαγεῦσα,
415 2385 460 2444 καὶ
474 2387 621 2465 ἂρτιπαγλς
635 2385 769 2465 ἆλίτυρος,

104 2475 145 2534 καὶ
160 2473 290 2552 θριδάκων
301 2473 384 2533 ούλων
396 2474 515 2555 ἁθρορυῆ
528 2476 642 2532 πέταλα.

72 2563 155 2638 Ἡμεῖς
169 2563 191 2620 δ’
206 2561 265 2621 οὔτ’
279 2567 360 2634 ἀκτῆς
375 2563 552 2640 ἐπιθαίνομεν,
567 2562 620 2621 οὔτ’
635 2566 661 2620 ἐν
677 2563 772 2645 άπίψει

103 2651 227 2731 γινόμεθ,
242 2654 277 2718 ὡς
292 2654 361 2725 αἰεὶ,
379 2652 505 2724 Σωσύλε,
520 2651 550 2710 τὸ
566 2651 706 2730 πρότερον,

71 2744 117 2803 Καὶ
131 2744 180 2817 μὴν
194 2741 341 2818 Ἀντιγένης
356 2741 400 2799 καὶ
416 2741 530 2820 Βάκχιος
545 2741 617 2818 ἐχθὲς
632 2741 746 2810 ἔπαιζον·

103 2837 143 2888 νῦν
154 2830 177 2889 θ’
191 2831 286 2898 αὐτοὺς
301 2831 381 2909 θάψαι
396 2831 509 2907 σήμερον
525 2829 679 2908 ἐκφέρομεν.

171 2978 242 3027 413.
265 2969 480 3028 ΑΝΤΙΦΙΛΟΥ
501 2968 726 3026 ΒΥΖΑΝΤΙΟΥ.

889 2222 944 2269 lam
957 2224 983 2270 ct
994 2234 1050 2271 resa
1058 2225 1109 2284 est,
1123 2223 1149 2273 et
1163 2222 1253 2273 llorens
1264 2223 1337 2284 cicer,

919 2311 945 2358 et
956 2309 1039 2360 caudes
1050 2309 1180 2370 brassicae,
1195 2325 1211 2360 ο
1222 2312 1321 2374 Sosylo,
1334 2313 1529 2376 primum-sectae
1540 2347 1545 2356 -

889 2397 913 2446 et
922 2396 1110 2460 mammaeae,
1123 2401 1148 2448 et
1162 2400 1393 2464 isuper-coagulatus
1403 2401 1667 2466 sale-sparsuscascus,

919 2485 945 2532 et
955 2485 1107 2534 lactucarum
1121 2485 1255 2550 crispatam
1269 2488 1401 2538 tenerrima
1413 2489 1479 2540 lolia.
1566 2492 1669 2556 [arumna

887 2573 936 2620 ttos
949 2574 1120 2636 antemnaque
1133 2572 1252 2624 adactam
1262 2575 1429 2638 ascendamus,
1440 2591 1519 2642 neque
1528 2578 1552 2628 in
1562 2582 1669 2644 slmcula·

918 2671 1012 2722 sumus,
1026 2662 1054 2709 ut
1065 2673 1170 2724 semper,
1186 2663 1284 2726 Sosyle‚
1299 2663 1386 2727 prius?

887 2747 963 2810 Atqui
976 2747 1106 2812 Antigenes
1119 2752 1145 2799 et
1158 2751 1269 2801 Bacchus
1282 2751 1336 2802 lieri
1346 2752 1465 2805 ludebant
1479 2777 1485 2806 :

917 2848 982 2884 nunc
995 2839 1079 2886 autem
1088 2850 1130 2886 eos
1142 2836 1294 2901 sepeliendos
1306 2839 1378 2890 bodie
1390 2841 1527 2894 ellerlmus

1054 2984 1126 3045 aaa.
1145 2957 1475 3038 unaremm'uuzanm.

886 3114 1116 3178 terebinthi-seran,
1129 3119 1417 3181 paucas-liabens·vlteS‚
1427 3125 1514 3186 utpote
1524 3137 1613 3187 parva,

916 3202 1010 3264 insula,
1020 3203 1064 3254 sed
1076 3203 1208 3268 planatole
1221 3209 1246 3257 et
1261 3208 1572 3280 lapidibus-uou-horrida;

885 3292 1001 3355 proximae
1015 3306 1086 3353 vero,
1102 3307 1244 3357 magna-arua
1257 3300 1284 3348 et
1297 3297 1366 3359 latre,
1380 3297 1425 3348 sed
1437 3299 1581 3364 plerumque
1661 3363 1665 3370 Ι

915 3391 1021 3442 asperam
1031 3381 1196 3444 magnitudine
1209 3383 1289 3433 selum
1303 3386 1494 3448 praestantiores.

885 3467 1026 3528 Fructibus,
1040 3481 1087 3516 non
1098 3467 1184 3520 stadiis
1195 3470 1366 3523 contendimus
1377 3494 1382 3522 :
1393 3487 1472 3538 neque
1485 3477 1550 3526 enim
1565 3491 1650 3528 arvum

915 3555 1012 3619 AEgypti
1025 3555 1108 3618 Libyae
1121 3557 1308 3609 latam-arenam
1319 3564 1396 3612 curat.

68 3106 99 3167 Ἡ
111 3107 312 3187 τερεθινθώδης,
326 3107 518 3184 δλιγάμπελος,
532 3097 576 3165 οἶά
590 3129 618 3164 τε
634 3105 714 3185 βαιὴ,

101 3197 187 3270 νησὶς,
202 3197 265 3254 ἄλλ’
277 3195 365 3272 ὁμαλὴ
382 3204 455 3253 πᾶσιν
468 3196 513 3254 καὶ
525 3194 680 3274 άστύρελος·

68 3286 91 3341 αἱ
104 3285 125 3342 δ’
137 3287 239 3363 ἀγχοῦ,
253 3285 367 3360 μεγάλαι
378 3308 408 3343 τε
422 3283 467 3342 καὶ
480 3283 580 3362 εὐρέες,
593 3285 651 3343 ἀλλ’
664 3283 707 3341 ἐπὶ
719 3281 801 3341 πουλθ

102 3381 236 3452 τρηχεῖαι·
250 3374 354 3449 μεγέθει
367 3378 445 3433 τοῦτο
458 3371 650 3451 περισσότερκι.

69 3463 194 3540 ίίαρποῖς,
208 3464 241 3519 οὗ
256 3460 398 3521 σταδίοισιν
413 3461 539 3536 ἐρίζομεν·
554 3459 612 3518 οὐδὲ
626 3458 677 3538 γὰρ
692 3451 772 3526 αδλαξ

101 3549 236 3628 Αἰγύπτου
250 3550 352 3621 Λιύύης
362 3549 474 3631 ψάμμου
489 3548 679 3628 ἐπιστρέφεται.
722 3631 725 3640 Ι

311 3703 379 3752 ata.
402 3691 586 3752 lEtthOt'.
1177 3703 1371 3753 alemanna.

63 3837 95 3897 ‘ll
110 3837 249 3916 πσλίουρος
260 3835 327 3912 ἐγὼ,
341 3833 426 3914 τρηχὺ
442 3833 525 3904 ξύλον,
535 3823 608 3910 οὖρος
619 3833 644 3889 ἐν
658 3829 739 3912 ἕρκει·
884 3837 996 3890 Paliurus
1007 3851 1065 3903 ego,
1077 3853 1192 3903 asperum
1207 3840 1312 3904 lignum,
1321 3856 1385 3893 urus
1398 3845 1498 3908 (custus)
1508 3848 1532 3896 in
1545 3861 1617 3912 sepe:

300 4041 359 4089 4¹⁰·
374 4046 461 4106 aucun
474 4045 574 4078 entant.

61 4177 111 4225 blus
124 4176 200 4226 media
212 4177 243 4225 de
255 4166 333 4225 marte
345 4184 428 4240 petens
438 4190 486 4239 quo
495 4173 574 4222 uisere
590 4180 684 4238 μοοεεῑ,

89 4263 149 4310 Dum
161 4262 241 4312 nullos
253 4276 320 4311 casus
331 4258 474 4323 insidiasque
488 4255 571 4318 timet,

61 4347 122 4396 lluait
136 4346 270 4412 Apollinea
283 4358 383 4394 nervum
393 4341 447 4391 fidis
461 4357 467 4390 ε
482 4342 522 4390 illa
536 4341 653 4390 resultans

89 4431 190 4496 lujnga,
205 4429 366 4489 constrinxit,
380 4444 433 4477 ntus
447 4426 490 4476 tibi
504 4443 575 4492 parte
586 4465 593 4490 ‚
605 4427 693 4492 gulam.

60 4513 139 4578 laquis
152 4513 232 4562 adbuc
243 4527 312 4561 arcus
326 4509 409 4560 Pluebi
424 4508 561 4572 mirabitur,
573 4525 641 4558 arctas

88 4600 149 4645 trata
162 4605 257 4662 praestet
268 4610 323 4643 cum
336 4594 388 4659 lyra
401 4601 467 4642 tensa
482 4591 555 4640 ricem
566 4595 577 4641 i

353 4753 414 4802 οτι.
428 4759 525 4795 sanccii.

59 4885 158 4932 Mutatus
169 4882 249 4932 subito
261 4873 386 4933 carnalius
404 4896 475 4941 eccs,
490 4895 535 4929 nec
550 4879 617 4929 illum

87 4973 139 5022 Vita
150 4973 221 5038 jurat
231 4956 309 5021 tenuis
318 4979 409 5032 nostra,
418 4972 521 5034 Deaeque
533 4984 633 5030 novem;

59 5054 110 5118 Spes
120 5054 177 5103 alias
188 5053 307 5120 seqnitur.
320 5069 364 5102 nec
377 5052 440 5117 qnod
451 5051 584 5113 ineramus,
595 5051 619 5100 id
633 5051 667 5102 illi

87 5139 134 5188 Nos
144 5153 242 5201 sumus;
254 5137 362 5187 inflatum
372 5137 412 5185 sed
422 5136 488 5187 uehit
496 5151 554 5186 arara
566 5138 633 5187 levis.

62 5219 189 5281 vincimur,
206 5228 231 5270 et
242 5237 289 5270 οοο
302 5230 352 5281 est,
364 5237 379 5270 ο
391 5236 440 5278 eor,
453 5235 582 5286 pugnemus
592 5230 619 5270 ut
632 5221 695 5270 ultra
711 5237 718 5271 z

89 5307 146 5356 llam
164 5323 208 5356 nos
222 5307 311 5374 argenti
325 5306 388 5355 lucta
404 5305 509 5372 proludit
522 5305 599 5357 lntnri.

1577 3966 1662 3980 —n-A

1117 4033 1120 4040 ’
1155 4039 1212 4086 aaa.
1228 4047 1379 4081 aureonensi.

882 4123 977 4187 Sosyle‚
988 4123 1036 4187 jam
1049 4122 1127 4170 suavis
1136 4123 1210 4187 surgit
1225 4139 1292 4183 rosa,
1305 4126 1355 4189 Jam
1367 4125 1431 4175 cicer
1448 4127 1550 4192 ardenas,

915 4208 1027 4270 Quosque
1038 4204 1125 4254 tenella
1139 4206 1202 4270 perit
1216 4205 1317 4254 brassica
1330 4208 1468 4260 cauliculos.

881 4291 921 4337 Est
930 4297 955 4337 et
964 4303 1039 4336 maana
1052 4303 1150 4352 crepans
1159 4297 1184 4338 et
1193 4289 1260 4338 lactis
1270 4305 1344 4339 massa
1355 4293 1447 4355 eoacti,

917 4373 947 4419 Et
961 4370 1106 4419 lactucarum
1117 4369 1221 4436 crispula
1232 4371 1345 4420 caesaries.
1489 4435 1491 4438 .

882 4458 937 4504 Non
952 4466 1043 4511 tarnen,
1057 4465 1083 4504 ut
1095 4455 1191 4504 solitum
1205 4456 1290 4519 nobis,
1302 4457 1326 4505 in
1337 4458 1425 4508 littoris
1434 4461 1495 4526 alga,

913 4539 1007 4604 Sosyle,
1021 4537 1118 4587 sublimi
1134 4553 1179 4587 uec
1193 4554 1273 4586 sumus
1286 4539 1310 4587 in
1318 4542 1421 4606 specula.

885 4627 1035 4675 Comessatns
1047 4623 1100 4673 laeui
1127 4639 1182 4673 nem
1192 4623 1307 4673 Baccltius
1320 4627 1505 4693 Antigenesque,

912 4711 948 4756 Eu
958 4707 1030 4756 bodie
1044 4708 1136 4757 tumulo
1149 4708 1216 4758 triste
1229 4709 1414 4762 serunturonus.

1095 4811 1153 4866 413.
1172 4826 1299 4860 nsrrrarnr
1318 4829 1443 4863 sxznnru.

880 4891 942 4940 Vitis
952 4907 999 4939 nnn
1012 4890 1122 4951 nimium,
1136 4892 1266 4942 terebinthi
1281 4894 1334 4959 plus
1349 4895 1408 4955 iero,
1421 4913 1493 4962 parra

911 4974 1008 5034 Insula,
1022 4974 1062 5022 sed
1077 4973 1154 5038 planis
1171 4991 1219 5023 non
1234 4975 1354 5024 salebrosa
1368 4977 1443 5027 locis:

878 5058 958 5108 Insula
973 5059 1019 5109 lata
1030 5057 1140 5123 quidem,
1152 5073 1200 5106 nnn
1212 5072 1268 5118 una,
1281 5059 1322 5107 sed
1332 5076 1414 5124 aspera
1424 5061 1514 5110 circum

911 5141 1034 5202 Cernitur,
1049 5149 1074 5190 et
1083 5140 1152 5190 uobis
1164 5140 1266 5190 nonnisi
1278 5141 1340 5190 mole
1350 5141 1426 5207 prior.

880 5229 982 5284 Fructu,
998 5239 1046 5272 non
1058 5223 1147 5289 spatio,
1160 5238 1196 5270 res
1210 5221 1331 5288 penditur.
1346 5228 1415 5273 Anne
1425 5225 1530 5289 Libyssa,

912 5308 966 5357 Nile
980 5307 1055 5370 ier-at,
1067 5307 1141 5371 glebis
1152 5315 1227 5356 certet
1241 5323 1314 5356 arena
1325 5305 1393 5358 tuis?
