3734 5920
305 405 430 466 CAPUT
452 408 501 468 ΧΙ.
525 406 807 469 EPIGRAMMATA
828 407 1059 476 convlvnun
1081 409 1130 467 ET
1150 406 1351 468 reuisenti.
1570 407 1626 466 32¹1

248 548 317 598 245.
337 544 588 606 notxtnnioi'.

30 683 62 741 Oi
74 687 170 759 τοῖχοι,
184 677 331 758 Διόραντε,
347 677 381 738 πθ
395 677 502 756 κύματα
516 680 604 742 πάντα
620 681 756 762 δέχονται,

65 769 110 827 καὶ
124 769 164 828 διὰ
176 771 227 826 τῶν
242 767 352 846 θυρίδων
367 766 493 834 Ὦιιεανθς
504 768 623 850 φέρεται·

30 856 148 937 δελφίνων
161 859 182 914 δ’
195 855 290 935 α’γίλαι
303 857 349 915 καὶ
366 855 466 935 Νηρίος
481 857 568 936 ἀγλαά
584 857 661 918 τίκνιι

66 946 92 1002 ἐν
104 948 142 1026 τῷ
155 941 239 1024 πλοίῳ
251 967 298 1003 ooo
311 943 446 1024 νηχόμενα
461 942 599 1024 βλέπεται.

28 1030 71 1090 Ἂν
84 1033 107 1089 δ’
118 1031 308 1108 ἀναμείνωμεν,
320 1030 429 1089 πλεύσει
439 1032 511 1110 τάχα
523 1031 569 1089 καί
579 1053 618 1097 τις
629 1034 656 1090 ἐν
670 1034 742 1108 ἡμῖν·

65 1121 92 1177 οὗ
106 1118 154 1199 γθρ
169 1118 267 1178 ἔνεστιν
282 1119 354 1200 ὕδωρ
368 1118 456 1178 οὐκίπι
470 1121 508 1200 τῷ
522 1117 642 1194 πτλάγει.

277 1260 340 1312 246.
360 1263 420 1308 ΤΟΥ
439 1264 547 1313 mot.

31 1389 77 1449 'Ex
89 1385 168 1447 ποίων
180 1387 294 1463 ἔταμες,
309 1387 446 1459 Διονύσιε,
456 1387 490 1445 τθι
505 1386 568 1456 ξύλα
581 1393 664 1447 ταῦτα

12 1479 16 1486 ’
63 1479 209 1553 λατομιῶν;
221 1474 303 1534 ποίων
318 1475 348 1534 τὸ
363 1475 464 1556 σκάρος
477 1477 531 1536 ίστὶ
542 1475 648 1552 peritum

29 1567 61 1625 Εἰ
75 1563 124 1644 γάρ
140 1562 191 1642 ἐγώ
206 1587 232 1622 τι
249 1565 315 1636 νοῶ,
326 1561 438 1640 μολίδοο
453 1563 540 1640 γένος,
553 1566 582 1622 οὐ
597 1563 672 1642 δρυός
684 1565 764 1635 ἐστιν,

65 1654 116 1712 οὐδ’
129 1653 240 1723 ἐλάτης,
254 1656 349 1730 μικροῦ
365 1650 494 1732 ριζοθολεῖ
507 1650 540 1710 τθ
555 1651 639 1711 κάτω·

29 1744 69 1802 καὶ
85 1741 161 1821 τυχὸν
177 1740 301 1810 ἐξαπίνης
316 1737 412 1815 ἔσομαι
426 1739 509 1806 λίθος·
523 1730 594 1811 εἶτα,
606 1739 637 1799 ιθ
649 1744 750 1818 χεῖρον,

64 1831 156 1912 γράψει
171 1831 200 1907 μ’
214 1831 250 1895 ὥς
264 1826 367 1898 Νιόὸην
382 1828 473 1906 δρᾶμα
489 1829 590 1908 σαπρὸν
607 1828 740 1888 Μιλίτων.

278 1973 342 2024 2⁴7.
359 1975 419 2020 ΤΟΥ
437 1977 542 2024 ni‘rot.

30 2093 63 2161 Ἦ
77 2101 187 2180 πέλαγος
201 2105 328 2184 πλέομεν,
344 2103 477 2176 Διονύσιε,
492 2101 538 2162 καί
551 2100 705 2180 γεγίμισται

62 2189 91 2248 τὸ
104 2192 194 2250 πλοῖον
208 2193 306 2262 παντὸς
320 2193 484 2273 πανταχόθεν
500 2188 638 2267 πελάγους.

29 2279 163 2338 Ἄντλεῐται
177 2279 199 2336 δ’
210 2279 328 2361 Ἀδρίας,
340 2280 521 2362 Τυρρηνικὸς,
537 2275 666 2350 Ἱππικὸς,
680 2276 776 2353 Αίγων·

63 2371 92 2427 οὗ
104 2370 204 2440 πλοῖον,
218 2369 293 2448 πηγὴ
311 2373 334 2430 δ’
347 2369 474 2430 Ὠκεανοῦ
488 2364 588 2437 ξυλίνη.

30 2454 161 2528 Ὁπλίζον,
180 2459 298 2537 Καῖσαρ·
310 2459 444 2524 Διονύσιος
460 2455 571 2536 ἄρχεται
585 2453 636 2526 ἤδη

64 2545 145 2604 οὐκέτι
158 2545 325 2620 ναυκληρεῖν,
338 2544 406 2605 iiii
419 2545 653 2623 θαλασσοκρατεῖν.

267 2700 336 2751 248.
360 2689 561 2750 ΒΙΑΝΟΡΟΣ.

1134 550 1188 598 245.
1206 549 1351 598 nocituri.

848 690 944 747 batere,
958 687 1102 751 Diophante,
1116 689 1206 738 tinctus
1219 701 1305 739 ornnes
1317 687 1454 752 accipiunt,

878 777 904 826 et
917 789 961 840 per
974 776 1112 827 fenestellas
1123 779 1235 826 Oceanus
1248 777 1338 837 tertur;

848 862 1067 929 delphinorumque
1077 877 1176 929 greges,
1185 867 1211 915 et
1223 864 1295 915 Nerei
1303 863 1381 914 nitida
1389 863 1486 914 soboles

879 955 904 1005 iu
914 955 1005 1018 ecapba
1013 957 1057 1004 tua
1064 957 1152 1006 nebus
1160 954 1276 1005 cernitur.
1329 953 1409 1019 [nobis
1420 954 1497 1017 (novt
1509 954 1624 1014 nostrae

848 1044 943 1094 sivero
956 1044 1194 1107 exspectaverimus,
1206 1042 1329 1108 navigabit
1350 1042 1454 1093 iniussa
1468 1045 1494 1092 ct
1508 1041 1596 1105 aliquis
1607 1041 1632 1090 in

880 1144 928 1180 non
940 1131 1006 1181 enim
1016 1130 1081 1181 inest
1092 1143 1156 1193 aque
1167 1129 1274 1193 ernplius
1282 1130 1375 1194 pelago.

1129 1273 1182 1318 248.
1208 1278 1355 1319 EIUSDEM.

849 1411 868 1458 E
879 1407 970 1473 quibus
983 1406 1101 1466 secuisti,
1114 1406 1230 1470 Dionysi,
1241 1406 1306 1470 tigna
1314 1405 1368 1457 baec

879 1490 1035 1554 lapicidinis?
1050 1503 1064 1541 e
1076 1489 1165 1554 quibus
1177 1489 1268 1554 scapbe
1280 1493 1382 1540 structa
1395 1492 1435 1541 est
1445 1491 1594 1542 molaribus?

849 1578 952 1630 sienim
966 1591 1012 1644 ego
1024 1577 1119 1642 aliquid
1130 1577 1249 1639 intelligo,
1260 1577 1355 1642 plumbi
1368 1591 1453 1642 genus,
1464 1593 1512 1629 non
1524 1593 1631 1644 quercus

879 1682 959 1731 neque
971 1667 1043 1733 pinus
1053 1689 1060 1718 ι
1071 1679 1147 1732 prope
1157 1665 1312 1730 indices-agit
1323 1667 1451 1731 inre-parer
1571 1669 1630 1732 [est,

849 1760 875 1808 et
894 1759 998 1808 tortasse
1013 1759 1114 1820 repente
1126 1769 1169 1806 ero
1181 1757 1266 1820 petra;
1280 1756 1348 1817 dein,
1359 1755 1426 1819 quod
1435 1757 1505 1821 pejus
1515 1760 1566 1811 est.
1683 1763 1688 1773 ·

881 1845 972 1895 scribet
981 1857 1021 1895 me
1029 1847 1147 1908 tanquam
1161 1844 1257 1894 Nioben
1267 1844 1352 1895 droma
1364 1843 1490 1894 rancidum
1500 1845 1592 1894 Melior.

1126 1991 1180 2037 247.
1205 1998 1355 2039 BJUSDBM.

851 2116 913 2162 Sane
924 2113 1025 2177 pelagus
1037 2113 1196 2176 navigamus,
1207 2111 1323 2174 Dionysi,
1334 2114 1360 2161 et
1371 2113 1524 2162 onerata-est

881 2201 1271 2267 scapbaornniuudiquepetngo.
1535 2201 1629 2266 [error-e:

851 2291 1001 2341 Exirauritur
1018 2294 1101 2341 eutem
1114 2289 1217 2351 Adrins,
1230 2290 1392 2353 ib'rrbenum,
1408 2290 1521 2347 lssieunr,
1532 2292 1636 2354 AEgeura

881 2394 930 2430 non
941 2379 1011 2430 naris
1020 2379 1075 2430 baec
1083 2383 1137 2440 est,
1148 2379 1193 2430 sed
1206 2378 1261 2430 tons
1273 2379 1364 2428 oceani
1373 2379 1475 2442 ligneus.

850 2473 1023 2530 Anna-sume,
1037 2470 1121 2518 caesar
1132 2489 1137 2517 :
1150 2467 1281 2530 Dionysius
1292 2465 1377 2530 incipit
1387 2467 1437 2530 jani

882 2569 930 2605 non
942 2569 1141 2634 neverit-regere,
1153 2555 1197 2606 sed
1206 2554 1423 2620 ponto-dominari.

1127 2699 1182 2747 248.
1199 2698 1354 2746 elationis.

30 2825 63 2884 Τὸ
71 2827 165 2906 σκάρος
173 2827 203 2885 οὗ
214 2826 289 2907 βυθὸς
300 2817 354 2886 εἷλε
364 2825 451 2902 (πόθεν
465 2823 591 2903 βοθός;οὐ
599 2821 805 2904 γθριίπλωσεν),
849 2825 968 2889 scapnam
976 2819 1408 2887 uongurgesnbripuit(undegurges
1417 2819 1553 2870 inoncnim
1559 2833 1633 2869 mere·

63 2915 116 2974 οὐδὲ
130 2913 231 2993 Νότος,
246 2914 298 2995 πρὸ
310 2913 397 2976 Νότου
412 2913 434 2973 δ’
448 2912 533 2974 ὤλετο
548 2910 594 2972 καί
608 2911 748 2988 πελάγεος.

31 3003 92 3074 Ἤδη
103 3004 156 3083 γάρ
170 3027 212 3080 μιν
228 3002 336 3064 ἅπασαν
350 3001 393 3063 ἐπὶ
408 3001 473 3081 (rr-sd
487 3003 673 3082 γομρωθεῖσαν

1 3107 2 3112 ’
63 3091 165 3172 ἤλειφον
179 3091 278 3164 πεύκης
291 3097 325 3171 τῇ
339 3093 439 3172 λιπαρῇ
454 3090 544 3150 νοτίδι·

880 2925 926 2962 nec
937 2913 1029 2973 Notus,
1041 2908 1085 2960 sed
1094 2911 1150 2960 ante
1161 2911 1251 2958 Noturn
1264 2907 1337 2972 periit
1346 2912 1371 2958 et
1383 2907 1492 2970 pelagus.
1538 2905 1632 2970 [adiiti

849 3005 905 3052 Jenr
916 3001 981 3052 enirn
993 2999 1060 3050 iliam
1070 3001 1149 3050 totam
1162 3000 1189 3048 in
1198 3001 1306 3049 transtra
1319 2997 1561 3048 cuneis-adstrictam

865 3091 982 3143 liniebant
990 3089 1062 3153 pinus
1073 3087 1155 3152 pingui
1163 3100 1219 3137 rore
1233 3108 1239 3137 ι

31 3178 102 3240 πίσσα
119 3183 141 3238 δ’
154 3181 365 3262 ὑπερδρασθεῖσα
383 3180 464 3258 πυρὸς
483 3177 559 3260 ρλογί
572 3177 622 3249 τὴν
650 3176 694 3237 ἁλί
708 3175 804 3250 πιστὴν
850 3179 890 3243 pix
903 3191 962 3229 vero
975 3175 1197 3227 nimis-terrefacta
1205 3174 1268 3240 ignis
1286 3174 1466 3238 tiammt,quae
1480 3173 1576 3222 inmari
1586 3171 1634 3222 fida

66 3269 223 3350 τεοχομίνην
240 3270 304 3350 γαίῃ
318 3269 397 3340 δεῖξιν
406 3267 600 3348 ,ἀπιστοτίρηη

238 3424 307 3474 249.
331 3413 575 3476 notbinnlot.

33 3554 109 3633 ’λγρδν
123 3554 283 3636 Μηνοφάνης
293 3553 433 3630 ὠνήσατο,
448 3553 494 3613 καὶ
510 3551 552 3612 διὰ
567 3551 644 3629 λιμίν

64 3645 90 3701 br
101 3642 172 3721 δρυὸς
184 3641 323 3720 ἆλλοτρίας
338 3642 415 3702 αὑτὸν
433 3640 622 3720 άπηγχόνισεν.

314 3819 372 3872 245.
391 3827 511 3864 nutabunt.

34 3935 97 3981 (inne
108 3933 182 3997 latus,
195 3934 349 4002 Diophante,
364 3943 443 3984 trneea
456 3933 528 3982 maris
542 3931 629 3997 accipit
642 3929 733 3990 undas,

60 4017 129 4084 Seque
140 4017 269 4069 fenestellis
281 4017 365 4067 inserit
378 4020 500 4079 Oceanus;

35 4097 215 4164 Delphinumqoe
226 4098 314 4149 cobors
327 4107 352 4148 et
362 4099 449 4149 eneruis
463 4097 594 4148 Nereidum
608 4113 665 4162 gens

62 4183 165 4232 Cernitur
177 4185 201 4232 in
214 4184 325 4233 transtris
337 4191 386 4233 tota
401 4191 485 4232 natare
497 4181 553 4232 tuis.

36 4265 106 4314 bestat
117 4274 143 4315 nt
154 4266 179 4314 in
194 4264 263 4316 nobis
277 4264 377 4330 aliquis,
391 4263 412 4313 si
425 4279 486 4312 nare
500 4278 634 4323 manemus,

61 4349 171 4413 Naviget:
185 4350 211 4399 in
225 4350 309 4416 pelago
322 4363 426 4413 namque
440 4363 502 4413 equa
517 4347 582 4396 nulio
596 4361 675 4411 super.

318 4477 375 4531 αλδ.
395 4491 514 4524 ιιοεοιιι.

38 4590 65 4637 Ra
76 4603 118 4653 qua
129 4599 204 4640 sumta
220 4589 265 4640 tibi
277 4599 335 4640 sunt
349 4587 416 4651 baec,
429 4587 557 4654 Dionyeie‚
571 4602 632 4652 rupe

64 4671 143 4736 Ligna,
155 4673 192 4722 rel
204 4673 284 4723 excisa
296 4681 332 4723 eet
342 4687 391 4738 qua
405 4671 463 4721 ratis
475 4670 520 4720 ista
533 4671 613 4720 mnia?

38 4755 82 4802 tion
95 4755 187 4821 abiegna
200 4766 259 4823 puto
272 4773 317 4807 nec
329 4772 433 4823 quercea
443 4772 451 4819 ς
462 4752 576 4821 plumbea
587 4762 638 4804 tota
651 4761 695 4802 est.

65 4837 135 4887 briena
147 4839 237 4889 radices
248 4855 305 4906 pers
318 4839 367 4889 cito
379 4837 470 4905 quippe
481 4835 549 4902 jecit.

39 4918 103 4968 Credo
115 4921 171 4986 lapis
181 4921 238 4971 fiam
254 4937 327 4983 mox,
344 4930 368 4970 et
380 4919 445 4986 quod
458 4918 562 4978 tristius,
576 4917 600 4966 iu
613 4932 650 4965 ure

66 5003 144 5052 Druna
155 5004 244 5053 melum
255 5003 343 5054 Melite
354 5001 445 5052 scribet
459 5010 487 5050 ut
502 5000 528 5048 in
541 4998 646 5050 Nioben.

320 5135 378 5188 247.
397 5141 518 5174 υοεοειε.

44 5236 132 5287 ianne
141 5237 186 5304 jun
199 5238 308 5303 terimur,
320 5236 447 5304 ὓίοαγιίε,
461 5251 506 5286 nec
517 5233 574 5286 satis
587 5232 634 5283 hoe
649 5240 700 5292 est,

882 3264 1039 3326 subiciebat,
1050 3277 1109 3315 eom
1121 3263 1226 3313 interra
1235 3262 1350 3326 prestitit
1363 3259 1542 3311 miuus-tidem.

1132 3409 1187 3456 249.
1204 3405 1350 3455 LUCILLII.

850 3560 942 3620 Agrum
951 3554 1116 3619 Menopbanes
1125 3553 1200 3615 emit,
1210 3555 1237 3603 et
1248 3552 1280 3602 ob
1293 3553 1381 3602 semem

880 3660 894 3696 e
905 3661 1001 3710 quercu
1011 3645 1090 3695 alieno
1102 3657 1129 3694 se
1141 3643 1222 3706 ipsunr
1235 3641 1370 3706 suspendit.

883 3804 980 3868 Quippe
991 3802 1016 3850 iu
1028 3801 1089 3849 nave
1100 3807 1140 3848 tua
1157 3797 1235 3846 uerius
1247 3811 1318 3846 omne
1331 3811 1397 3844 mare
1411 3804 1456 3856 est,

850 3885 942 3944 Adria,
956 3881 1122 3950 Tyrrhenum,
1134 3879 1267 3943 fluctusque
1278 3883 1392 3941 Aegeus,
1406 3884 1431 3926 et
1444 3881 1516 3936 Ister;

883 3971 934 4019 Nec
946 3965 1003 4016 ratis
1017 3973 1068 4026 est,
1082 3963 1124 4012 sed
1135 3961 1188 4012 inus
1200 3961 1291 4025 ligneus
1302 3959 1401 4009 Oceani.

850 4056 928 4104 emar
942 4050 998 4099 ades
1009 4050 1107 4114 jamque
1119 4061 1185 4094 erma
1200 4059 1267 4110 para.
1282 4042 1408 4107 Dionysius
1419 4041 1488 4090 nudet

884 4139 939 4186 Non
952 4133 1008 4183 navi
1022 4132 1062 4182 sed
1072 4132 1122 4197 jum
1136 4144 1227 4197 ponere
1238 4129 1291 4193 jura
1304 4125 1373 4176 mari.

1152 4295 1209 4350 ert.
1228 4306 1348 4340 brunonis.

850 4440 905 4488 Nou
918 4435 999 4502 rapuit
1009 4449 1094 4484 navem
1108 4447 1174 4481 mare
1187 4431 1258 4496 (uam
1273 4444 1350 4493 neque
1365 4427 1457 4476 viderat
1469 4425 1568 4488 nudus),

883 4525 936 4572 Nec
949 4529 1037 4580 notus;
1050 4527 1107 4566 ante
1118 4523 1202 4566 notuur
1214 4513 1254 4564 sed
1268 4513 1329 4578 perit
1342 4522 1414 4577 atque
1425 4527 1499 4560 mare.

850 4608 1005 4670 compactum
1023 4599 1108 4650 validis
1119 4614 1174 4648 nam
1188 4605 1291 4646 transtra
1303 4611 1346 4661 per
1361 4594 1440 4644 omnia
1453 4594 1525 4643 cieris

883 4691 993 4738 Unxerat
1006 4702 1021 4735 e
1035 4685 1101 4751 picea
1115 4682 1157 4749 qui
1171 4680 1225 4730 fluit
1236 4680 1298 4729 aiter
1311 4679 1391 4744 adeps.

850 4773 949 4825 concita
964 4771 1005 4839 pix
1019 4767 1121 4819 flammis
1133 4765 1249 4822 ostendit,
1263 4779 1335 4828 quarn
1347 4777 1426 4827 neque
1438 4761 1507 4811 terrie

882 4861 944 4906 Tuta
955 4855 1000 4916 sit,
1012 4854 1053 4903 ina
1067 4851 1122 4902 satis
1138 4859 1189 4899 tnta
1204 4856 1286 4914 putata
1299 4844 1368 4896 mari.

1076 5011 1083 5027 ·
1140 5009 1198 5065 οιρ.
1215 5015 1336 5049 nucruun.

739 5126 742 5132 ι
850 5139 999 5208 Menopbani
1012 5137 1057 5189 tuit
1070 5145 1164 5203 emptus
1176 5151 1232 5200 ager
1242 5132 1304 5184 bruc
1318 5133 1402 5198 plenus
1416 5147 1422 5181 ε
1437 5131 1469 5180 ob
1481 5129 1546 5179 iilam

884 5225 981 5278 Arbore
991 5221 1114 5289 suspendit
1124 5235 1168 5283 se,
1183 5233 1261 5286 neque
1274 5232 1330 5266 vero
1343 5232 1395 5266 aua.
