3734 5920
351 417 476 479 CAPUT
496 417 547 477 xi.
570 413 850 478 EPIGRAMMATA
872 413 1104 474 contimtum
1125 413 1176 472 ET
1196 412 1396 474 lltRlSORIA.
1607 415 1665 477 ao:-

112 553 185 618 οὐδεὶς
199 548 331 630 γινώσκει.
345 549 394 622 Μὴ
408 547 501 630 τρέχε,
517 547 555 626 μὴ
568 545 663 607 κοπία·

921 552 1004 602 nullus
1018 551 1073 602 scit.
1087 554 1124 602 lte
1136 565 1217 614 curre,
1229 563 1261 602 ne
1273 551 1357 602 labora
1372 571 1379 600 ε

80 648 108 712 ὡς
119 642 240 708 δύνασαι,
256 639 381 718 χάρισαι,
396 638 524 714 μετάδος,
537 635 622 717 ράγε,
634 633 714 707 θνητδι
728 635 845 712 λογίζου·
891 642 1013 706 utpotae,
1028 639 1173 704 gratificare,
1188 639 1289 705 largire,
1307 639 1443 703 manduca,
1455 640 1567 690 mortalia
1579 655 1636 704 sape
1650 660 1657 690 :

111 731 191 799 τὀζῆν
203 736 248 788 τοῦ
260 728 298 804 μὴ
313 731 359 799 ζῆν
374 726 448 786 οὐδὲν
461 728 528 792 ὅλως
543 725 649 805 ἀπέχει.

920 727 1004 778 rivere
1015 729 1041 778 et
1049 741 1098 777 non
1109 727 1192 779 viuere
1205 728 1238 778 nil
1250 728 1349 778 omnino
1360 727 1486 778 differunt.

56 821 152 882 attera
169 814 222 892 βίος
234 816 354 888 τοιόσδε,
372 815 439 896 ῥοπὴ
456 813 550 890 μόνον·
563 813 594 873 δν
605 811 758 893 προλάάης,
773 819 834 887 σοῦ,
890 815 1037 866 Omnisrita
1056 815 1127 876 talis,
1148 818 1300 867 momentum
1312 815 1399 876 morlo;
1418 815 1440 865 si
1458 815 1607 876 antevertis,
1620 821 1673 876 tna,

111 905 140 964 ἰν
152 903 178 962 δὲ
192 905 285 984 θάνῃς,
300 904 389 986 ἑτέρου
404 905 505 962 πάντα·
520 902 552 963 σὺ
567 905 589 962 δ’
603 901 675 962 οὐδὲν
687 900 766 982 ἔχεις.

180 1055 229 1106 bl.
252 1045 421 1106 ΑΓΑΘΙΟΥ
443 1045 727 1110 ΣΧΟΛΑΣΤΙΚΟΥ.

76 1185 185 1266 Ιάστέρα
200 1184 247 1262 μέν
263 1186 410 1246 σεσάλακτο
424 1185 507 1266 γέρων
521 1184 613 1243 εὐώδεϊ
627 1183 726 1264 Βάκχῳ

108 1272 247 1344 Οἰνοπίων,
266 1271 354 1350 ἔμπης
370 1273 392 1332 δ’
406 1276 455 1331 οὖκ
469 1273 586 1343 ἀντέθηκε
598 1271 695 1338 δέπας·

75 1362 127 1422 ἀλλ’
138 1363 173 1421 ἔτι
190 1360 294 1441 διψάων
312 1361 365 1441 ἰδίῃ
379 1359 565 1440 κατεμέμφετο
578 1358 664 1439 χειρὶ,

108 1455 140 1517 ὡς
155 1450 207 1509 ἀπὸ
220 1453 349 1529 κρητῆρος
364 1451 445 1526 μηδὲν
461 1448 645 1528 άρυσσαμένη.
695 1517 698 1521 .

2 1563 3 1610 j
73 1543 104 1601 θί
114 1542 139 1599 δέ
150 1539 202 1598 νέοι
217 1540 356 1620 ρέγχουσι,
368 1537 413 1596 καὶ
428 1540 457 1596 οὖ
473 1537 560 1604 σθένος
575 1538 628 1595 οὐδ’
644 1538 690 1593 ἀπ’
707 1537 817 1615 σἰριθμοῖί

106 1627 149 1695 τάς
160 1628 269 1694 κύλικας
283 1630 380 1706 γνῶναι
393 1627 439 1692 τὰς
454 1625 493 1684 ἔτι
505 1627 656 1702 πινομένας.

73 1721 145 1788 llice,
158 1718 249 1797 γέρον,
265 1716 311 1775 καί
326 1721 393 1788 ζῆθι·
407 1715 494 1791 μάτην
506 1713 529 1772 δ’
544 1714 595 1794 άρα
606 1717 672 1781 θεῖος
684 1712 806 1792 Ὅμηρος

2 1811 3 1814 ’
106 1805 232 1884 τείρεσθαι
248 1803 342 1876 πολιὴν
356 1807 386 1862 ix
400 1803 519 1877 νεότητος
532 1801 593 1882 έρη.

197 1955 244 2008 58.
266 1945 522 2007 ttauuaorttot
543 1944 709 2004 ΥΠΑΤΟΥ.

70 2089 171 2148 ἸΙθελον
186 2089 217 2146 οὗ
231 2085 328 2168 χρυσόν
343 2110 372 2144 τε
385 2085 430 2144 καί
444 2084 526 2143 σίστεα
541 2083 622 2164 μυρία
638 2082 732 2162 γαίης,

2 2229 3 2246 ,
103 2177 154 2233 οὐδ’
169 2172 220 2232 ὅσα
234 2174 282 2240 τδς
293 2172 388 2243 Θήάσις
402 2161 474 2231 εἶπεν
489 2168 612 2249 Ὅμηρος
626 2169 705 2249 ἔχειν·

69 2259 123 2318 ἀλλ’
134 2259 176 2318 im
187 2283 233 2336 μοι
247 2259 392 2339 τροχόεσσα
403 2257 477 2325 κύλιξ
493 2257 616 2336 βλύσσειε
627 2257 726 2338 λυαίῳ,

2 2357 3 2426 γ
103 2347 203 2427 χείλεος
218 2348 305 2427 άενάῳ
320 2348 418 2422 νάματι
432 2345 593 2423 λουομένου,

2 2469 3 2478 ι
68 2435 108 2493 καί
121 2437 240 2516 γεραρῶν
251 2436 371 2494 συνέπινε
384 2433 463 2498 λάλος
473 2434 562 2514 χορὸς,
575 2437 599 2492 oi
614 2434 642 2492 δέ
657 2435 776 2514 περισσοὶ

2 2582 3 2586 ,
104 2525 189 2602 ἀνέρες
200 2522 335 2600 ἐργατίναι
349 2523 447 2599 κάμνον
464 2524 504 2603 ἐρ’
520 2522 652 2600 ἡμερίσιν.

69 2603 146 2678 Οὗτος
160 2613 220 2688 ἐμοὶ
233 2611 314 2679 πολὺς
328 2611 418 2681 άλὸος,
436 2611 476 2669 ἀεὶ
488 2610 575 2690 φίλος·
589 2610 643 2670 οὐδ’
656 2611 768 2687 ἀλεγίζω

103 2706 154 2760 τῶν
168 2698 292 2780 χρυσέων
308 2700 428 2776 ὑπάτων,
444 2698 493 2770 τλν
505 2699 601 2779 ριάλην
616 2698 747 2778 κατέχων.

330 2852 376 2903 59.
395 2855 455 2900 ΤΟΥ
473 2855 579 2902 ΑΠΟΥ.

66 2979 252 3053 λ’τνδοπάται,
268 2981 395 3060 βασιλῆος
412 2981 568 3058 άεθλητῆρες
583 2977 706 3057 Ἰάκχου,

100 3071 162 3150 ἔργα
177 3069 387 3148 κυπελλομάχου
403 3067 534 3142 στήσομεν
550 3068 695 3140 εἰλαπίνης,

2 3171 3 3224 ζ
66 3157 177 3238 Ἰκαρίου
190 3155 348 3223 σπένδοντες
363 3155 469 3236 ἀφειδέσι
485 3151 557 3235 δῶρα
572 3155 687 3215 Λυσίου·

2 3241 3 3244 ¹
101 3248 220 3307 cilicem
234 3245 337 3322 μελέτω
351 3249 377 3305 Τ
379 3244 545 3324 ριπτολέμοιο
558 3245 639 3324 γέρα,

64 3327 107 3413 ᾗχι
121 3335 199 3412 βόες,
212 3334 260 3392 καὶ
272 3333 386 3413 ἄροτρα,
402 3335 448 3392 καὶ
461 3331 609 3406 ἱστοθοεὺς,
626 3332 670 3390 καί
685 3333 797 3411 ἐχέτλη,

100 3422 144 3481 καὶ
159 3421 277 3502 στάχυς,
292 3419 446 3500 άρπαμένης
460 3419 531 3498 ίχνια
546 3421 726 3498 Φερσερόνης,

67 3511 97 3569 til
107 3534 170 3569 ποτε
187 3511 216 3569 δέ
234 3509 396 3586 στομάτεσσι
414 3510 504 3587 βαλεῖν
521 3532 579 3566 τινα
595 3512 692 3588 βρῶσιν
707 3509 824 3586 ἀνάγκη,
893 3522 917 3571 si
931 3522 1030 3585 ηιιοτιιίο
1041 3525 1123 3573 autem
1136 3523 1221 3573 oribus
1230 3522 1362 3574 immittere
1372 3522 1479 3586 aliquam
1492 3522 1579 3587 dapem
1593 3525 1630 3572 est

101 3598 215 3678 α’στσρίς
230 3596 376 3662 οἰνοπόταις
392 3597 510 3675 άρκιοςη
527 3595 654 3676 Βρομίου.

93 3779 204 3841 Namque
215 3774 304 3833 homo,
317 3775 374 3840 quid
384 3791 436 3824 cras
448 3775 490 3835 sit,
501 3775 588 3838 quinve
599 3775 679 3822 lutura
690 3775 748 3822 dies.

63 3862 175 3919 Poscere,
190 3857 239 3917 da,
251 3856 355 3921 largire,
367 3854 422 3905 vide
431 3854 543 3906 mortalia
557 3871 609 3920 quse
619 3855 667 3904 sint
681 3871 688 3904 ε

92 3943 132 3992 Nil
142 3941 224 3992 τείετί
232 3941 297 3991 niues
309 3957 341 3990 an
352 3940 456 3990 moriare
468 3939 518 3989 tui.

61 4025 96 4076 sic
109 4036 145 4077 est
157 4027 209 4077 rita
224 4041 231 4078 ε
251 4037 292 4076 tua
303 4035 351 4080 eet,
367 4025 446 4091 rapias
456 4025 475 4074 si
486 4033 580 4091 tempus
593 4038 600 4074 ε
612 4033 637 4074 at
649 4034 684 4074 cst
694 4031 746 4086 nil,

92 4113 151 4162 Cum
161 4111 284 4168 moriere,
296 4119 364 4160 tuum
377 4125 384 4160 ε
395 4109 459 4175 quod
468 4107 515 4158 luit
524 4109 586 4160 alter
595 4108 680 4160 habet.

293 4237 332 4298 57.
349 4251 463 4284 ΔῦΑΊἮλΕ
475 4251 639 4286 SOEOLASTICI.
709 4267 718 4277 .

60 4375 111 4423 Jam
123 4374 207 4423 senior
221 4373 319 4422 Bromio
330 4382 405 4422 totam
417 4371 581 4436 compleverat
590 4371 670 4420 aluum

91 4459 237 4523 Olinopion,
246 4466 354 4523 pateram
363 4457 404 4505 sed
419 4465 484 4505 tenet
495 4454 536 4504 ille
546 4465 635 4505 tamen.

61 4542 124 4606 Quin
138 4543 216 4591 etiam
228 4541 310 4590 sitiens
319 4539 377 4589 dicit
389 4539 451 4588 mala
468 4539 571 4604 piurima
586 4539 689 4595 deatum,

92 4631 202 4692 Deeupa
215 4625 280 4689 quod
292 4641 340 4672 non
355 4622 451 4672 hauriat
463 4622 505 4670 illa
514 4638 616 4673 merum.

63 4715 154 4759 interea
165 4708 393 4772 stertuntjnrenes,
409 4712 451 4754 aut
463 4705 484 4753 si
498 4704 553 4769 uigil
565 4714 600 4754 cst
612 4705 681 4770 quis,

91 4797 184 4859 Epctoa
199 4791 288 4840 calices
300 4805 345 4838 nec
358 4804 484 4837 numerare
497 4789 567 4837 ualet.

61 4880 113 4926 Jatn
124 4876 184 4926 bibe
195 4911 204 4938 ,
219 4875 288 4935 vire,
299 4889 373 4922 senex
388 4888 395 4923 ε
407 4888 457 4921 non
471 4888 528 4922 nere
539 4872 601 4922 dixit
611 4876 730 4921 Homerus

93 4961 184 5011 Vexari
198 4960 318 5026 juvenum
328 4957 417 5007 robore
429 4957 553 5008 canitiem.

293 5095 333 5146 58.
351 5109 490 5144 uncanoarrn
510 5109 635 5142 consuens.

64 5228 172 5279 Pendet-a
186 5243 240 5276 non
252 5226 303 5276 auri
322 5225 393 5292 cupio
408 5223 483 5288 mihi,
498 5221 565 5272 mille
581 5235 625 5270 nec
637 5217 716 5278 urbes,

850 2533 854 2542 '
923 2536 970 2586 riri
980 2536 1084 2600 operarii
1097 2536 1235 2586 laborarent
1244 2536 1269 2585 in
1282 2536 1383 2586 vitibus.

921 904 942 954 si
955 917 1015 955 vero
1030 903 1133 965 obieris,
1147 902 1280 954 aliuasoot
1296 907 1398 966 cuncta,
1415 907 1443 954 tu
1456 918 1514 954 uero
1530 904 1563 953 nil
1576 903 1659 953 babos.

1061 1051 1101 1100 st.
1117 1049 1268 1099 AGATHIAE
1283 1050 1496 1100 scflonnsrtct.

891 1201 1008 1250 Ventrem
1020 1197 1225 1250 sibi-oneraverat
1235 1211 1311 1250 senex
1324 1199 1489 1249 suave-olenti
1501 1200 1598 1249 Barolro

922 1286 1053 1351 OEnopion‚
1068 1287 1094 1337 at
1103 1289 1187 1337 tamen
1199 1301 1247 1336 non
1260 1285 1374 1350 deposuit
1386 1288 1517 1350 poculum3

890 1374 934 1426 sed
947 1387 1026 1438 usque
1035 1374 1120 1425 sitiens
1130 1373 1272 1438 ‹le-pmpria
1280 1374 1429 1437 querebatur
1442 1389 1534 1434 maran,

922 1463 1039 1524 tanlquam
1052 1473 1065 1510 e
1078 1462 1171 1510 cratere
1186 1459 1220 1510 nil
1232 1459 1364 1511 hausisset.

890 1550 998 1597 iuuenes
1010 1560 1069 1598 vero
1083 1550 1204 1606 stertunt,
1220 1561 1266 1598 nec
1274 1547 1357 1599 valent
1368 1549 1407 1598 ael
1421 1562 1551 1598 enumero

922 1634 1011 1686 coboea
1021 1647 1122 1686 noscere
1134 1636 1177 1700 qui
1188 1635 1271 1686 adbuc
1285 1639 1410 1700 potantur.

892 1723 963 1784 Bibe,
977 1737 1065 1786 senex,
1079 1726 1105 1773 et
1116 1723 1182 1775 vive.
1192 1726 1292 1775 Frustra
1305 1738 1366 1774 uero
1379 1725 1435 1774 dius
1446 1727 1568 1774 Homerus

922 1811 1000 1875 premi
1013 1811 1128 1862 canitiem
1139 1825 1154 1862 a
1163 1812 1267 1875 juventa
1280 1811 1348 1863 dixit.

1079 1958 1118 2006 58.
1134 1957 1310 2007 ΜΑΟΕΒΟΝΠ
1326 1957 1484 2006 CONSULIS.

893 2097 1011 2147 volebam
1023 2111 1072 2147 non
1083 2111 1170 2148 aurum
1181 2102 1207 2149 et
1220 2098 1294 2149 urbes
1305 2099 1413 2151 infinitae
1424 2102 1512 2162 terrae,

923 2197 969 2235 nec
981 2198 1146 2248 quoecumque
1157 2185 1253 2237 Tbebas
1265 2186 1356 2238 habere
1368 2188 1431 2239 dixit
1440 2191 1577 2248 liomems3

892 2273 937 2322 sod
948 2276 978 2323 nt
989 2273 1050 2324 mibi
1062 2273 1182 2324 rotundus
1195 2274 1256 2324 calix
1269 2276 1400 2327 scaturiret
1410 2279 1497 2339 Lyceo,

922 2359 1250 2424 labrisejosusque·lluenti
1262 2361 1357 2425 liquore
1368 2364 1539 2422 madentibus,
1668 2421 1670 2426 ,

892 2452 916 2498 ct
931 2445 1091 2499 honestorum
1103 2449 1212 2498 uirorum
1224 2452 1376 2512 computaret
1388 2451 1502 2514 gamulus
1515 2449 1617 2512 chorus,
1630 2465 1676 2500 cu-

1512 2537 1579 2600 [riosi
1592 2541 1677 2589 autem

895 2627 939 2674 llro
951 2623 1013 2674 mibi
1024 2628 1082 2675 sunt
1093 2624 1178 2674 multae
1190 2623 1296 2686 diuitiae,
1311 2635 1408 2689 senaper
1419 2639 1494 2687 carae3
1510 2629 1536 2678 et
1545 2626 1679 2676 nil-moror

924 2713 978 2764 illos
991 2725 1081 2764 aureos
1094 2713 1220 2774 consules,
1235 2713 1341 2777 pltialam
1351 2714 1504 2765 dnm-teneo.

1181 2865 1219 2910 59.
1243 2869 1388 2914 ntusnnnt.

892 2997 1158 3062 Larmene-bibentes,
1172 2998 1235 3062 regis
1248 2996 1349 3048 atbletre
1363 2995 1457 3057 Iacchi,

923 3097 996 3149 opera
1006 3084 1254 3148 poculonecertantis
1268 3083 1439 3148 aggrediemur
1449 3082 1569 3144 conuiuii,

894 3171 967 3222 learii
976 3171 1081 3222 libantes
1091 3171 1256 3236 non-maligna
1267 3171 1331 3221 dona
1342 3171 1421 3233 Lymi3

897 3243 898 3246 ¹
923 3259 978 3310 aliis
988 3259 1098 3310 curce-sit
1110 3259 1253 3323 Triptolemi
1268 3259 1356 3321 bonor,

893 3347 937 3397 ubi
952 3348 1043 3410 boves,
1057 3355 1083 3398 et
1096 3351 1192 3409 aratra,
1207 3351 1232 3397 et
1245 3352 1323 3408 temo,
1339 3347 1451 3409 ctetica,

924 3438 949 3485 et
962 3435 1041 3499 spica,
1055 3439 1133 3498 reptas
1147 3434 1250 3500 vestigia
1259 3433 1420 3499 Proserpinae.
1550 3433 1678 3499 [necesse.

924 3627 1053 3676 uro-passa
1067 3613 1259 3677 sini-potoribus
1270 3613 1362 3666 sufficit
1373 3613 1472 3663 Bacchi.

924 3778 975 3824 Nec
987 3789 1045 3840 quas
1055 3773 1192 3824 Thebarum
1205 3783 1286 3824 cantat
1300 3779 1420 3824 Homerus
1435 3789 1500 3839 opes.

892 3857 965 3906 Plena
977 3857 1019 3906 sed
1031 3866 1057 3906 ut
1067 3856 1141 3905 ueteri
1154 3866 1266 3922 spument
1277 3855 1337 3906 mihi
1349 3856 1435 3922 pocula
1449 3855 1558 3914 Baccho,

925 3943 956 3988 Et
969 3955 1022 3990 mea
1034 3949 1164 4007 perpetuos
1176 3941 1272 4006 proluat
1285 3955 1328 3989 orn
1341 3939 1421 4005 liquor
1434 3955 1441 3988 τ

893 4025 1066 4089 sompotetque
1075 4037 1159 4072 senum
1174 4021 1233 4070 milri
1244 4020 1386 4072 circumfusa
1394 4035 1500 4081 corona;

925 4103 974 4168 Qui
984 4105 1063 4161 volet,
1076 4103 1187 4154 incrassa
1197 4104 1265 4152 sudet
1278 4101 1441 4168 ephemeride,

894 4191 937 4236 llm
949 4186 1011 4236 nsilri
1022 4186 1112 4236 diritioe
1119 4221 1127 4244 ,
1142 4202 1208 4234 meus
1220 4185 1260 4236 liic
1270 4184 1357 4234 honor.
1372 4185 1408 4232 lte
1416 4183 1512 4232 curules

928 4272 958 4318 Et
972 4269 1045 4319 fasces
1058 4286 1065 4320 τ
1079 4268 1184 4335 phialam
1196 4278 1233 4317 sut
1246 4269 1277 4316 sit
1288 4267 1379 4316 habere
1392 4265 1462 4316 mihi.

1203 4449 1244 4508 59.
1263 4461 1377 4496 ετοιοιιτ.

895 4640 959 4685 Heus
967 4633 1053 4684 Bacchi
1062 4635 1152 4701 pugiles
1162 4635 1190 4683 ad
1202 4633 1284 4700 proelia
1298 4649 1393 4699 semper
1407 4632 1516 4697 hiantes,

929 4722 1047 4767 loataurat
1056 4717 1157 4766 calicum
1168 4716 1251 4781 proelio
1262 4715 1322 4765 lesta
1334 4714 1394 4765 dies.

895 4802 1002 4866 Largiter
1016 4801 1086 4850 Icarii
1098 4801 1201 4849 libemus
1213 4801 1275 4848 dona
1285 4798 1365 4864 Lyaei,

928 4884 981 4933 Sint
992 4883 1045 4932 aliis
1058 4899 1121 4932 curae
1133 4898 1234 4930 munera
1246 4881 1404 4947 Triptolemi,

895 4957 984 5026 Temo,
999 4967 1076 5029 stite,
1091 4964 1164 5013 bores
1178 4973 1202 5012 et
1216 4964 1273 5012 dens
1282 4963 1395 5012 incurvus
1404 4961 1495 5019 aratri,

929 5047 1000 5112 Spica
1014 5047 1102 5108 simul,
1117 5054 1191 5112 raptae
1204 5044 1303 5111 pignora
1318 5042 1491 5110 Persephones.

896 5131 992 5195 Quippe
1001 5129 1073 5179 etiam
1090 5128 1159 5178 nobis
1173 5141 1202 5178 os
1215 5128 1234 5176 si
1246 5126 1303 5192 rprid
1316 5133 1398 5190 poscat
1413 5126 1441 5174 all
1452 5139 1546 5183 εεοατο,

930 5209 1078 5263 Consobrina
1091 5210 1150 5260 meri
1168 5210 1262 5274 pessula
1277 5206 1389 5258 sufficiet.
