3878 5912
468 473 593 535 CAPUT
607 475 662 533 lX.
686 472 965 534 EPlGltlnlllAl‘a
986 473 1320 536 DEMONSTthlVl.

312 618 379 667 245.
402 607 663 668 ΑΝΤΙΦΑΝΟΥΣ.

97 743 251 822 Δυσμοίρων
266 743 393 820 θαλάμων
407 743 451 802 tet
465 742 596 803 παστάσιν
612 745 661 823 οὐχ
675 741 834 820 Ὑμέναιος,

136 833 194 892 ἀλλ’
206 827 292 904 Ἀΐδης
306 830 369 902 ἔστη
384 831 549 910 πικρογάμου
565 831 697 899 Πετάλης.

99 921 209 996 θείματι
222 918 274 997 γάρ
290 917 388 996 μούνην
402 919 557 998 πρωτύζυγα
574 917 677 996 Κύπριν
690 921 728 976 ἀν’
740 916 837 998 ὄρφνην

136 1007 298 1087 φεύγουσαν,
310 1005 382 1076 ξυνὸν
396 1012 579 1086 παρθενικαῖσι
594 1006 691 1084 φόύον,

99 1093 270 1173 φρονροδόμοι
283 1097 370 1165 νηλιῑς
386 1093 461 1160 κύνες
477 1091 601 1152 ἔκτανον·
616 1093 648 1164 ἣν
667 1093 693 1150 δὲ
708 1099 818 1172 γυναῖκα

136 1180 210 1248 ἐλπίς
222 1181 301 1259 ἰδεῖν,
318 1180 404 1260 ἄφνως
416 1182 529 1260 ἔσχομεν
538 1181 596 1239 οὐδὲ
611 1180 698 1240 νίκαν.

211 1331 282 1382 alc.
303 1321 468 1382 ΜΑΡΚΟΥ
489 1319 766 1380 obluctemur.

97 1455 278 1534 Ἐθραύσθης,
290 1457 366 1527 ἡδεῖα
382 1457 445 1534 παρ’
459 1454 620 1514 οίνοπόταισι
632 1455 745 1530 λάγυνε,
832 1465 835 1478 ·

135 1542 228 1614 νηδύος
240 1545 270 1600 ἐκ
286 1543 373 1614 πάσης
384 1543 518 1623 χευαμένη
536 1543 661 1618 Βρόμιον.

97 1632 199 1704 Τηλόθε
212 1629 265 1711 γάρ
281 1630 351 1697 λίθος
366 1633 402 1697 είς
414 1629 443 1688 σὲ
462 1629 633 1709 βαρύστονος,
644 1619 687 1686 οἶα
701 1625 840 1706 κεραυνὸς,

135 1721 165 1776 οὗ
180 1719 243 1786 Διὸς
257 1720 288 1776 ἐκ
300 1721 411 1798 χειρῶν,
427 1718 495 1776 ἀλλὰ
509 1717 605 1781 Δίωνος
621 1715 681 1788 ἔθη.

1175 635 1229 683 ιιι.
1247 633 1440 682 enarremus.
1500 607 1502 621 '

895 751 900 760 '
919 753 1087 806 infaustorum
1097 756 1260 807 thalamorum
1273 755 1305 808 ad
1316 761 1399 807 torum
1411 771 1461 807 non
1472 761 1636 821 Hymenaeus,

952 840 996 892 sed
1010 842 1082 893 Pluto
1095 843 1191 895 adstitit
1203 848 1382 910 amare-nuptae
1397 846 1501 897 Pctales.

921 929 1073 982 Prie-timore
1082 930 1148 981 enim
1161 931 1213 982 sola
1222 946 1300 996 quum
1307 933 1411 997 primam
1421 937 1542 985 Venerem
1549 937 1699 999 pernoctem

952 1019 1057 1082 lugeret,
1066 1019 1470 1085 communemuirgiuibusmetum¹
1520 1023 1700 1086 [verouxorem

922 1117 981 1155 earn
1000 1103 1218 1156 domus-custodes
1233 1106 1341 1155 immites
1358 1119 1431 1156 canes
1451 1107 1699 1170 occiderunt1quam

953 1191 1112 1257 sperabamus
1120 1192 1213 1253 ridere,
1220 1192 1285 1242 illico
1291 1191 1698 1258 babuimusnemortuamquidem.

1119 1331 1173 1378 alo.
1190 1331 1289 1380 MARCI
1305 1333 1501 1382 ARGENTllill.

924 1464 1102 1526 vinacia-es,
1114 1464 1193 1515 dulcis
1205 1464 1271 1530 apud
1282 1466 1446 1530 riui-potores
1455 1469 1553 1531 lagena,

954 1555 1041 1603 ventre
1053 1565 1083 1603 er
1098 1554 1151 1602 toto
1167 1552 1348 1616 qua-elludisti
1362 1553 1486 1603 Liberum.

924 1639 1013 1690 Procul
1024 1639 1090 1690 enim
1101 1639 1164 1703 lapis
1175 1639 1202 1689 in
1214 1641 1240 1690 te
1249 1653 1437 1704 greve-sonans,
1450 1643 1567 1704 tanquam
1581 1640 1685 1702 tulmen,

955 1738 1005 1776 non
1013 1725 1083 1776 loris
1097 1739 1112 1777 e
1124 1723 1253 1783 manibus,
1269 1725 1314 1776 sed
1326 1727 1412 1776 Dionis
1421 1727 1522 1791 ingruit.

96 1796 149 1866 Ἦν
160 1806 188 1864 δὲ
199 1806 282 1884 γε’λως
296 1807 342 1865 ἐπί
355 1805 397 1864 oei
406 1805 452 1864 καὶ
463 1804 615 1881 σκώμματα
629 1805 716 1864 πυκνὰ
725 1849 734 1879 ,
743 1803 881 1878 τυπείσης,
924 1815 983 1863 Erat
991 1816 1076 1863 autem
1085 1813 1149 1864 risus
1160 1813 1191 1864 dc
1201 1817 1226 1864 te
1237 1816 1263 1864 et
1271 1813 1439 1865 cavillationes
1448 1815 1541 1865 crebrae
1550 1854 1556 1876 ‚
1564 1818 1705 1879 postquam·

136 1893 182 1952 καλ
198 1896 283 1961 πολὺς
298 1893 326 1962 ἐξ
341 1893 440 1970 ἑτάρων
454 1893 589 1970 γινόμενος
602 1891 720 1971 θόρυύος.

96 1983 136 2042 Οὔ
152 1985 240 2061 θρηνῶ
255 2006 301 2057 σε,
317 1981 433 2058 λάγυνε,
449 1981 494 2040 τόν
510 1985 642 2060 εθαστῆρα
657 1987 783 2040 τεκοῦσαν

135 2069 262 2148 Βάκχον,
274 2068 331 2128 ἐπεὶ
345 2069 451 2145 Σεμέλη
467 2069 553 2128 καὶσὺ
568 2067 711 2126 πεπόνθατ’
726 2065 780 2126 ίσα.

345 2219 413 2268 242.
435 2210 638 2269 ΦΙΛΙΠΠΟΥ.

98 2347 206 2415 Εὖθηλῆ
222 2343 356 2405 πλάτανόν
369 2369 402 2420 με
416 2345 502 2405 Νότου
518 2345 712 2424 βαρυλαίλαπες
727 2333 804 2424 adpeti

96 2489 100 2497 ,
138 2435 211 2513 ῥίζης
223 2432 250 2501 ἐξ
265 2434 345 2502 αὐτῆς
361 2433 501 2512 ἐστόρεσαν
512 2432 645 2499 δαπέδοις·

956 1903 981 1950 et
990 1900 1083 1951 multus
1095 1913 1111 1951 a
1122 1899 1246 1952 sodalibus
1258 1900 1355 1952 excitus
1367 1903 1498 1952 tumultus.
1515 1901 1696 1968 lesmorensem,

926 1991 977 2035 lton
989 1985 1068 2037 defleo
1077 1989 1117 2048 te,
1130 1987 1228 2052 Ιεςοοε,
1242 2003 1299 2052 quae
1312 1983 1554 2052 evantem'peperisti

956 2072 1091 2137 Bacchum,
1105 2086 1182 2138 quum
1195 2075 1289 2126 Semele
1299 2078 1325 2125 et
1337 2078 1365 2125 tu
1377 2076 1525 2139 possae-sitis
1535 2076 1611 2138 parta.

1205 2217 1258 2263 247.
1276 2215 1420 2262 PHILIPPI.

927 2351 1067 2402 Merentem
1079 2352 1206 2416 platanum
1216 2365 1257 2402 me
1266 2352 1323 2402 uoti
1335 2351 1629 2417 grevillam-ingruentes
1640 2367 1706 2403 nure

958 2437 1041 2490 redico
1052 2451 1084 2490 οι
1095 2437 1150 2503 ipsa
1163 2441 1305 2490 straverunt
1314 2440 1380 2498 solo;

98 2521 249 2596 λουσαμένη
264 2521 372 2598 Βρομίῳ
388 2520 410 2576 δ’
424 2519 501 2590 ἔστην
517 2519 613 2592 πάλιν,
631 2517 729 2595 ὄμύρον
744 2516 844 2595 ἔχουσα
927 2527 1009 2579 lavate
1021 2525 1065 2578 sed
1077 2526 1165 2578 Libero
1178 2526 1237 2577 steti
1251 2540 1351 2587 rursus,
1363 2527 1469 2578 imbrem
1480 2527 1573 2578 babens

138 2607 250 2687 χείματι
265 2608 309 2666 καὶ
324 2607 420 2666 θάλπει
432 2612 478 2664 τοῦ
492 2607 553 2673 Διὸς
566 2605 700 2684 ἡδύτερσν.

99 2695 251 2772 Ὀλλυμίνη
265 2695 287 2754 δ’
302 2696 398 2765 ἔζησα·
414 2693 480 2772 μόνη
495 2693 522 2752 δὲ
538 2697 634 2754 πιοῦσα
647 2697 762 2769 Λυαῖον,

139 2783 229 2843 ἄλλων
250 2781 426 2860 κλινομένων,
440 2779 564 2860 θρθοτίρη
580 2780 724 2860 βλύπομαι.

141 2932 212 2984 248.
236 2922 392 2982 collect
412 2921 489 2980 ΤΟΥ
510 2919 841 2979 ΕΛΕΓΕΙΟΓΡΛΦΟΥ.

105 3059 135 3117 Ei
149 3060 217 3122 τοῖος
232 3057 355 3121 Διόνυσος
371 3059 397 3120 ἐς
412 3055 481 3134 ἱερὸν
495 3046 574 3128 ἦλθεν
588 3053 744 3130 Ὄλυμπον,

141 3145 271 3220 κωμάζων
285 3143 386 3213 Λήναις
399 3143 445 3202 σύν
460 3167 525 3202 ποτε
539 3142 584 3201 καί
599 3141 744 3222 Σατύροις,

103 3223 155 3290 οἷον
170 3236 184 3290 θ
199 3231 318 3310 τεχνήεις
333 3231 460 3303 Πυλάδης
474 3231 617 3311 ὠρχήσατο
629 3235 726 3303 κεῖνον,

144 3315 206 3396 ὀρθά
218 3316 288 3376 κατά
301 3321 432 3396 τραγικῶν
444 3316 538 3393 τίθμια
554 3316 740 3392 μουσοπόλων,

104 3405 260 3480 παυσαμένη
276 3404 356 3477 ζήλου
367 3405 428 3472 Διὸς
443 3403 475 3464 ἂν
490 3404 557 3484 φάτο
571 3403 704 3484 σύγγαμος
717 3402 773 3485 Ἥρ
798 3427 805 3443 ·

145 3521 157 3546 ι
178 3494 316 3574 Ἐψεύσω,
333 3493 455 3570 Σεμέλη,
472 3493 591 3572 Βάκχον·
603 3489 655 3571 ἐγὼ
667 3495 689 3550 δ’
704 3491 792 3553 ἔτεκον
802 3520 824 3555 ν.

355 3641 424 3692 249.
447 3633 632 3693 ΜΑΚΚΙΟΥ.

109 3767 258 3828 Εύπίταλον
271 3763 578 3846 γλαοκθνάναδενθράδα
590 3763 667 3824 τάνδε
678 3765 742 3843 παρ’
755 3763 846 3843 ἄκραις

381 3934 438 3989 α45.
458 3949 616 3981 ιιιιτιοιιιιιιο.

109 4057 140 4100 ln
153 4050 258 4101 thalamis
269 4048 444 4101 Pelalae'nimis
455 4047 591 4098 infelicibus
600 4063 688 4112 auspex

144 4136 205 4197 lpse,
220 4147 285 4194 reor,
299 4132 387 4189 Pluto,
402 4145 450 4180 non
461 4133 604 4194 Hymenaeus
614 4137 684 4178 erat:

110 4219 170 4267 Nam
180 4217 234 4266 dnm
244 4215 321 4265 multa
330 4227 419 4280 parens
430 4212 528 4278 cupidos
537 4211 668 4261 frustretur
677 4226 771 4260 amores

146 4300 259 4364 Cnnjug'n,
272 4307 298 4349 et
310 4301 431 4348 Venerem
443 4295 493 4343 sola
507 4294 587 4359 puella
599 4293 672 4358 sugit,

111 4382 184 4430 Nocte
195 4395 281 4430 eanum
291 4378 370 4445 prada
381 4387 426 4426 est.
441 4376 531 4424 Mulier
543 4386 639 4439 sperata
648 4375 738 4436 rideri,

149 4467 202 4514 Ecce
215 4480 261 4514 nec
272 4461 390 4512 exanimis
401 4457 570 4525 conspicienda
583 4458 663 4508 detur.
723 4486 724 4489 =

334 4575 392 4632 246.
406 4587 484 4623 maner
501 4587 663 4621 ιιιιοεπτιιιιι.

113 4703 237 4769 Rumperis
246 4701 273 4752 in
283 4701 338 4752 insu
348 4699 464 4764 juvenum
475 4697 537 4747 bene
552 4696 607 4746 licta
617 4696 715 4760 lagena,

151 4785 214 4834 brius
225 4794 249 4834 et
257 4793 332 4849 rupto
340 4782 436 4849 prosilit
446 4797 476 4830 ex
486 4789 565 4830 utero.

113 4869 177 4915 xm
187 4867 283 4918 tibicen
294 4866 387 4918 fulmen
398 4864 504 4913 violento
513 4861 620 4928 pondere
634 4877 716 4911 saxum

155 4949 203 4997 lion
211 4948 275 4999 Jorie
282 4945 381 5013 impegit
392 4945 503 5006 όεκθετσ,
515 4943 556 4993 sed
568 4942 642 4994 Jovii.

117 5030 240 5082 Acciderat
249 5049 256 5082 ι
266 5031 376 5098 sequitur
383 5045 464 5080 casum
473 5028 580 5092 risumque
591 5027 716 5092 jocusque,

157 5111 271 5175 Multaque
282 5110 361 5161 iestiui
371 5111 433 5159 dicte
446 5107 559 5158 sodalitii.

121 5191 178 5240 N'on
190 5210 229 5258 ego
238 5194 315 5245 benaci
327 5193 431 5259 genitrix
444 5202 468 5242 te
482 5192 568 5258 plango
577 5191 661 5253 lagena
675 5207 682 5238 :

162 5277 205 5324 Nec
215 5277 279 5326 decet
290 5293 297 5328 ε
309 5277 390 5327 evenit
398 5291 453 5326 nam
469 5275 513 5325 tibi
525 5272 588 5340 quod
601 5273 709 5322 Semele.

227 5365 371 5414 ενιεοιοοιι.
387 5377 413 5412 ιι.

959 2613 1040 2664 bieme
1051 2615 1078 2664 et
1090 2615 1177 2664 aestete
1190 2613 1260 2663 loris
1274 2613 1358 2664 imbre
1370 2613 1514 2664 dulciorem.

927 2700 1034 2753 Moriens
1046 2703 1131 2752 autem
1141 2700 1206 2762 rixi3
1220 2703 1247 2751 et
1259 2700 1326 2763 sola,
1340 2701 1535 2766 postquam-bibi
1546 2705 1659 2766 Lyaeum,

959 2787 1013 2839 aliis
1030 2787 1247 2850 decumbentibus,
1262 2788 1352 2841 rectior
1365 2792 1439 2839 stare
1456 2803 1554 2846 cernor.

1034 2945 1088 2991 248.
1104 2943 1221 2992 ROETHI
1236 2943 1406 2994 ELEGORUM
1423 2945 1612 2994 sortitionis.

929 3059 954 3109 Si
968 3059 1025 3110 talis
1039 3061 1149 3110 Baoclrus
1163 3060 1189 3110 in
1205 3073 1304 3112 sacrum
1316 3061 1425 3113 venisset
1438 3062 1582 3126 Olympum,

961 3149 1095 3200 romiseans
1102 3163 1159 3199 cum
1165 3149 1237 3201 Lenis
1245 3149 1407 3215 (emebatur)
1416 3151 1539 3215 quondum
1548 3155 1574 3202 et
1582 3153 1682 3214 Satyris,

929 3235 1028 3299 curulem
1038 3236 1123 3286 sollers
1134 3235 1239 3299 Pylades
1250 3237 1351 3288 saltarit
1362 3238 1444 3300 illum,

962 3326 1044 3374 rectos
1047 3323 1121 3388 juxta
1133 3324 1282 3388 tragicorum
1293 3339 1398 3376 canones
1412 3331 1514 3388 ratum,

931 3410 1046 3462 desinens
1058 3411 1184 3476 zelotypiae
1198 3411 1268 3463 Joris
1286 3412 1387 3464 dixisset
1399 3415 1489 3478 conjux
1502 3417 1586 3465 luno:

963 3518 976 3542 a
992 3497 1147 3562 Mentimes,
1159 3512 1175 3550 o
1186 3499 1296 3562 Semele,
1306 3502 1430 3552 Becclmm
1437 3499 1527 3566 fillum
1537 3516 1598 3564 :ego
1607 3504 1685 3566 genui.
1698 3525 1709 3547 ι

1225 3637 1279 3686 249.
1297 3637 1416 3686 Macen.

931 3772 1121 3823 Pulchris-loliis
1133 3772 1228 3823 canam
1236 3773 1313 3824 ritem
1324 3773 1388 3825 hanc
1396 3774 1427 3824 all
1437 3788 1546 3824 summos

1224 3943 1282 3996 είς.
1304 3953 1423 3986 nutriret.

933 4033 1096 4086 Frondiferam
1106 4034 1227 4099 platanum
1239 4049 1278 4084 me
1289 4035 1319 4083 de
1332 4035 1412 4084 radice
1422 4035 1539 4084 revulsum

966 4121 1086 4168 Strauerat
1099 4117 1176 4167 insoni
1186 4117 1222 4168 ris
1232 4119 1369 4168 truculenta
1380 4118 1437 4168 Noti
1452 4132 1460 4168 τ

934 4205 991 4250 Loto
1002 4199 1123 4250 resurrexi
1135 4199 1231 4250 Bromio
1242 4216 1248 4250 :
1260 4198 1322 4250 mibi
1331 4199 1423 4248 seilicet
1430 4209 1488 4248 aestu
1690 4202 1700 4246 t

967 4283 1047 4333 Imber
1059 4282 1078 4332 is
1087 4294 1111 4332 et
1123 4283 1207 4333 bruma
1221 4283 1311 4348 gratior
1323 4281 1401 4331 imbre
1414 4282 1489 4333 Jouis.

864 4383 866 4388 ·
933 4368 972 4416 Sic
987 4367 1045 4416 mibi
1056 4367 1103 4416 ritu
1112 4367 1186 4416 redux
1199 4383 1206 4416 ι
1220 4367 1321 4416 aliorum
1333 4381 1434 4432 corpore
1443 4363 1520 4415 flectit

968 4449 1052 4510 livius;
1065 4457 1090 4499 et
1101 4456 1208 4498 nostrum
1218 4448 1304 4497 rectius
1315 4463 1365 4497 esse
1376 4447 1452 4497 dedit.

1229 4551 1287 4605 me.
1311 4566 1410 4600 noaret.

935 4649 959 4699 Si
974 4649 1028 4699 talis
1040 4650 1153 4715 superum
1167 4648 1239 4698 Liber
1254 4648 1357 4698 venisset
1365 4648 1391 4697 in
1401 4647 1479 4700 aulam

969 4732 1060 4782 Snltans
1073 4748 1128 4781 cum
1141 4735 1252 4798 Satyrum
1262 4731 1458 4796 Bassaridumque
1469 4731 1556 4792 eboro,

935 4817 1038 4879 Qualem
1051 4815 1168 4866 Romuleo
1181 4815 1279 4883 Pylades
1288 4824 1394 4880 spectare
1407 4813 1502 4863 theatro
1553 4862 1557 4872 ,

969 4897 1134 4962 Melpomenes
1144 4906 1236 4946 sectans
1247 4897 1306 4946 scita
1318 4897 1448 4961 modosque
1462 4896 1544 4957 dedit,

937 4979 1034 5028 Diceret
1044 4978 1142 5045 abjectis
1154 4978 1214 5028 odiis
1223 4978 1304 5044 regina
1315 4983 1421 5028 Deorum
1435 4999 1442 5028 :

970 5063 1097 5126 Mentiris,
1111 5080 1177 5114 mens
1187 5063 1229 5114 hic
1242 5064 1304 5114 iilius
1316 5074 1362 5125 est,
1378 5064 1480 5115 Semele.

1250 5174 1307 5229 ²49·
1323 5181 1407 5215 uentu.

940 5272 989 5318 llos
997 5282 1040 5332 ego
1052 5267 1153 5322 cerulea
1160 5266 1297 5317 frondentes
1309 5266 1357 5316 rite
1366 5280 1472 5316 racemos

1585 5375 1598 5415 b

1716 4835 1726 4865 ᾖ.

1717 4952 1720 4972 l

1717 4993 1723 5034 ι
