3878 5912
445 503 506 554 160.
527 503 726 550 ΔΔΕΣΠΟΤΟΝ.

199 629 337 706 Ἡρόδοτος
352 628 458 692 Μούσας
471 624 624 692 ὑπεδέξατο·
636 627 673 703 τῷ
688 625 710 682 δ’
724 623 764 702 ἄρ’
779 621 878 694 ἑκάστη

239 716 297 776 ἀντὶ
310 714 454 797 ριλοξενίης
469 715 557 793 pitto
572 713 653 772 ἔδωκε
668 711 741 790 μίαν.

317 861 384 911 tot.
406 850 564 910 ΜΑΡΚΟΥ
586 847 867 909 ΑΡΓΕΝΤΑΡΙΟΥ.

201 989 325 1052 Ἡσιόδου
340 985 404 1047 ποτὲ
420 985 509 1065 βίὸλον
525 989 600 1062 ἐμαῖς
613 984 664 1044 ὑπὸ
677 987 767 1064 χερσὶν
779 984 887 1044 ἑλίσσων

242 1081 349 1160 Πύρρην
364 1076 487 1148 ἐξαπίνης
501 1065 567 1134 εἶδον
583 1073 771 1154 ἐπερχομένην·

203 1169 292 1248 βίέλον
307 1169 334 1225 δέ
351 1165 428 1245 ῥίψας
442 1164 486 1221 ἐπὶ
499 1168 548 1238 γῆν
564 1185 584 1241 χ
586 1163 642 1242 epi,
656 1163 726 1221 τοῦτ’
741 1162 855 1232 έέόησα·

242 1285 254 1310 ι
269 1255 357 1337 Ἔργα
369 1253 395 1312 τί
410 1274 454 1329 μοι
467 1250 607 1332 παρέχεις,
620 1241 642 1308 ὦ
656 1249 731 1330 γέρον
748 1249 893 1322 Ἧοίοδεςι

454 1399 515 1449 162.
536 1399 734 1446 ΑΔΕΣΠΟΤΟΝ.

203 1519 295 1596 Ἥρην
309 1521 413 1596 ἀχρεῖον
429 1515 546 1590 κάλαμος
558 1517 645 1594 φυτόν·
661 1517 690 1574 ἐκ
704 1514 755 1594 γὰρ
769 1516 841 1590 έμεῖο

244 1611 272 1666 σίν
287 1609 355 1677 σῦκ’,
367 1607 394 1664 οὗ
408 1606 490 1680 μῆλον
505 1603 609 1684 φύεται,
621 1605 650 1661 οὐ
667 1602 796 1682 σταφυλή·

206 1695 274 1754 ἀλλά
291 1694 317 1770 μ’
333 1692 399 1772 ἀνὴρ
414 1692 507 1768 έμύησ’
520 1693 673 1764 ἑλικωνίδα,
688 1691 772 1750 λεπτὰ
786 1691 899 1768 τορήσας

245 1783 350 1861 χείλεα,
362 1780 406 1838 καὶ
422 1778 520 1837 στεινὸν
536 1783 595 1859 ῥοῦν
609 1781 821 1859 ὀχετεοσοίμενος.

206 1872 255 1930 Ἐκ
270 1869 297 1928 δὲ
310 1874 355 1927 τοῦ
371 1859 429 1926 εὖτε
443 1865 530 1942 πίοιμι
545 1867 626 1942 μέλαν
641 1867 731 1937 ποτὸν,
744 1866 827 1932 ἔνθεος
840 1855 881 1924 οἷα
889 1909 897 1938 ,

246 1967 299 2017 πᾶν
311 1956 371 2022 ἔπος
384 1955 521 2035 ἀρθέγκτιρ
539 1954 606 2033 τῷδε
620 1957 692 2012 λαλῶ
705 1953 826 2031 στόματι.

456 2098 517 2148 163.
538 2098 738 2146 ΑΔΕΣΠΟΤΟΝ.

208 2222 258 2284 Ἐκ
271 2220 351 2300 πυρὸς
362 2220 477 2281 Ἰλιακοῒι
490 2221 606 2300 δοράτων
620 2221 700 2298 μέσον
714 2222 832 2300 ἥρπασεν
846 2221 916 2300 ἥρως

248 2307 368 2383 Αἰνείας,
385 2308 455 2368 ὅσιον
472 2309 545 2367 παιδὶ
563 2309 658 2388 βάρος,
673 2311 792 2388 πατέρα·

208 2395 303 2476 ἔκλαγε
319 2397 341 2454 δ’
355 2394 491 2474 Ἀργείοις·
505 2424 517 2447 α
533 2399 580 2466 Μὴ
595 2397 700 2474 ψαύετε·
715 2399 806 2479 μικρὸν
820 2400 845 2462 ἐς
859 2381 909 2477 άρη

248 2514 261 2540 ι
275 2485 364 2566 κέρδος
378 2488 392 2542 ὁ
408 2485 551 2564 γηραλέος,
564 2489 603 2566 τῷ
618 2483 645 2542 δὲ
657 2485 758 2565 φέροντι
773 2483 842 2564 μέγα
854 2511 879 2544 ν.

484 2624 548 2678 164.
571 2627 710 2676 ΑΔΗΔΟΝ.

210 2747 259 2815 Τίς
267 2771 306 2821 σε,
315 2745 486 2832 Δικαιοσύνη,
497 2748 587 2826 βροτὸς
595 2747 704 2826 ἤκαχεη
714 2779 754 2792 -
765 2738 868 2814 Οὗτοςὸ
876 2744 991 2819 κλέπτης

250 2836 340 2897 ένθάδε
354 2859 388 2914 με
404 2836 517 2910 στάσας,
531 2835 602 2894 οὐδὲν
617 2836 685 2915 ἔχων
697 2835 761 2913 πρὸς
774 2833 831 2908 ἐμέ.

314 2983 378 3036 165.
399 2975 579 3034 ΠΑΛΑΛΔΑ
599 2973 891 3034 ΑΛΕΞΑΝΔΡΕΩΣ.

211 3111 295 3192 Ὀργὴ
309 3119 354 3172 τοῦ
370 3113 429 3178 Διός
444 3113 500 3170 ἐστι
513 3111 590 3186 γυνὴ,
607 3111 688 3190 πυρὸς
702 3111 863 3170 άντιδοθεῖσα

251 3201 342 3279 δῶρον,
353 3199 458 3280 ἀνιηρὸν
472 3204 515 3258 τοῦ
531 3199 611 3279 πυρὸς
625 3199 766 3259 ἀντίδοτον.

212 3287 310 3368 Ἄνδρα
323 3287 375 3364 γὰρ
390 3287 488 3346 ἐκκαίει
499 3289 556 3355 ταῖς
567 3289 697 3367 φροντίσιν
714 3287 761 3358 ἠδὲ
775 3287 912 3367 μαραίνει,

255 3376 299 3434 καὶ
314 3379 395 3454 γῆρας
407 3373 533 3456 προπετὲς
548 3380 581 3453 τῇ
597 3375 698 3438 νεότητι
711 3375 792 3452 φέρει.

188 3499 199 3534 ς
214 3465 278 3523 Οὐδ’
291 3467 304 3520 ὁ
317 3461 381 3529 Ζεὺς
392 3463 533 3542 ἀμέριμνος
547 3462 601 3539 ἔχει
614 3462 785 3541 χρυσόθρονον
796 3461 894 3542 Ἥρην·

516 3634 570 3682 ιόο,
589 3647 703 3680 rncsnrr.

216 3762 307 3822 Hospes
319 3766 346 3805 ιιι
358 3756 493 3805 Herodotus
509 3759 590 3804 Musas
601 3765 742 3820 exceperat,
756 3757 792 3806 ilii

249 3840 352 3906 Hospitii
366 3839 469 3906 pretium
483 3854 584 3906 quaeque
595 3839 685 3950 dedere
697 3840 795 3891 librum.

441 3983 495 4032 161.
514 3998 594 4032 uancr
613 3998 779 4031 nnosnrnnrr.

216 4114 276 4161 Cum
289 4113 390 4176 tegerem
403 4112 492 4169 libros,
509 4128 568 4177 quos
582 4111 676 4178 scripsit
684 4121 765 4178 pastor
776 4111 807 4161 ab
820 4115 910 4173 Ascra,

249 4194 406 4258 Spectandum
420 4195 500 4243 subito
515 4211 541 4242 se
554 4193 614 4242 milri
624 4194 716 4260 Pyrrha
725 4193 799 4244 denir.

218 4275 309 4324 Excidit
324 4291 336 4324 e
351 4275 429 4338 digitis
441 4279 546 4340 Operum
559 4285 629 4341 pater
642 4285 713 4341 atque
725 4275 818 4324 dierum
831 4292 837 4326 :

252 4360 303 4406 Hoc
316 4366 353 4420 te,
369 4356 462 4416 clamo,
477 4357 515 4405 die
528 4356 562 4404 nii
575 4357 756 4422 opoeuesiote,
763 4367 807 4407 est.

517 4491 571 4538 162.
589 4506 700 4539 ινισειιτι.

509 4617 545 4662 De
556 4613 709 4680 graphiario.

221 4747 271 4794 Nec
283 4742 340 4792 ficus
353 4743 413 4792 milri
425 4744 488 4793 serre
497 4745 596 4808 datum,
609 4763 653 4796 nec
665 4749 742 4810 nraln,
757 4765 802 4798 nec
814 4767 883 4813 uras,

254 4827 341 4891 Nilque
353 4842 395 4891 ego
405 4843 466 4876 cassa
481 4827 526 4876 nisi
539 4828 612 4892 frugis
625 4831 717 4880 arundo
727 4831 770 4883 ini.

222 4909 267 4959 Sed
282 4908 394 4957 [urnulam
403 4908 460 4958 iecit
473 4909 562 4967 Musis,
576 4911 617 4976 qui
630 4913 710 4962 tenuia
722 4913 788 4963 labra

255 4991 333 5040 Finxit
346 5000 370 5040 et
382 5002 521 5056 angustum,
535 5010 582 5059 ιμιιι
597 4994 651 5044 [luit
663 4995 759 5058 humor,
771 4997 826 5049 iter.

224 5077 293 5124 Nune
307 5083 359 5122 ntro
371 5073 458 5124 suffusa
472 5091 538 5125 mero
548 5077 613 5126 reiut
623 5077 711 5128 enthea
727 5089 792 5128 sotus

257 5155 350 5222 Eiingui
365 5167 464 5207 ternum
479 5158 603 5225 quodlibet
617 5175 659 5210 ονε
673 5161 768 5226 loquor.

55 383 59 391 ·
127 399 128 408 κ
200 375 238 435 σε
772 363 1027 424 nunnonoena
1047 335 1251 424 ναιαινιιπ

1297 515 1349 560 160.
1376 522 1538 564 1110111111.

1026 636 1164 686 Herodotus
1176 639 1260 686 Musas
1270 635 1382 698 excepit:
1398 633 1458 684 huie
1469 633 1527 684 inde
1536 647 1643 696 qouque

1056 737 1101 787 pro
1113 722 1335 788 benigno-hospitio
1346 721 1437 772 librum
1445 721 1514 771 dedit
1523 735 1609 770 unurn.

1228 857 1280 902 tor.
1298 854 1396 902 rinnel
1412 854 1611 903 ARGENTARII.

1027 984 1127 1035 Hesiodi
1137 984 1194 1034 otim
1206 983 1298 1033 tibrum
1307 983 1369 1033 mois
1378 982 1424 1032 sub
1433 983 1546 1033 matribus
1555 997 1654 1035 versans

1060 1074 1170 1136 Pyrrhen
1180 1073 1262 1124 subito
1273 1072 1323 1122 viui
1334 1072 1505 1131 aooedentem3

1029 1176 1059 1212 ae
1072 1162 1162 1213 tibrurn
1172 1159 1287 1223 dejiciens
1295 1161 1325 1210 ad
1335 1163 1426 1210 terram
1435 1173 1520 1220 manu,
1532 1159 1579 1210 hoe
1589 1159 1732 1209 inetamnviz

1061 1270 1075 1294 ι
1091 1252 1171 1313 Opera
1180 1249 1306 1314 (nepotta)
1314 1246 1374 1312 quid
1383 1247 1445 1298 mitri
1453 1249 1556 1312 praebes.
1568 1263 1583 1298 o
1593 1263 1667 1300 senen
1677 1246 1817 1298 Hesiodo.-

1303 1393 1356 1438 162.
1379 1397 1541 1439 antonum.

1031 1533 1104 1580 Eram
1118 1528 1203 1580 inutile
1211 1528 1306 1578 arundo
1315 1540 1414 1592 germen
1424 1548 1430 1577 ι
1441 1541 1497 1576 nram
1507 1540 1537 1577 ex
1550 1539 1590 1576 me

1062 1633 1107 1670 nee
1117 1619 1188 1680 fieus,
1202 1631 1248 1668 neo
1258 1631 1359 1681 pontum
1367 1616 1485 1678 nascitur,
1496 1629 1541 1666 nee
1550 1629 1612 1675 ιινιις

1033 1706 1079 1758 sed
1090 1720 1130 1757 me
1143 1705 1181 1756 νίν
1193 1706 1298 1756 initiavit
1312 1705 1576 1762 Heliconiautessorn,
1589 1703 1673 1754 tenuia
1686 1705 1788 1756 tornaus

1068 1794 1143 1854 labra,
1156 1796 1183 1844 et
1196 1796 1328 1858 angustum
1338 1793 1430 1842 ttnmen
1440 1791 1685 1842 canatieutodueens.

1034 1885 1070 1931 En
1082 1882 1131 1932 hoe
1151 1885 1235 1932 autern
1255 1881 1352 1944 quando
1371 1880 1512 1931 bibiatrum
1526 1882 1625 1943 potum,
1639 1881 1756 1942 tanquam
1770 1895 1817 1929 nn-

1065 1984 1137 2020 omno
1150 1969 1253 2020 verbum
1262 1971 1332 2018 muto
1345 1969 1421 2018 hocce
1432 1969 1520 2032 loquor
1532 1981 1584 2019 ore.
1633 1965 1816 2031 [mine-afflato·-

1313 2108 1363 2152 tut.
1387 2113 1542 2156 aponum.

1036 2235 1072 2280 Ex
1082 2232 1137 2295 igne
1147 2231 1221 2281 Itineo
1228 2232 1365 2296 jaculorum
1378 2231 1499 2282 in·medio
1514 2231 1588 2281 heros
1601 2230 1691 2295 eripuit

1066 2321 1168 2379 ὤπασε,
1179 2323 1292 2369 sanetum
1304 2318 1353 2368 satio
1367 2331 1439 2380 onus,
1454 2321 1548 2383 patrem
1562 2329 1640 2368 suunt
1648 2333 1658 2384 ,·

1035 2407 1223 2469 inctarnavitque
1237 2407 1333 2470 Argivis
1345 2425 1351 2456 z
1364 2426 1375 2448 ιι
1386 2409 1422 2456 Ne
1430 2405 1534 2470 tangito!
1547 2409 1620 2457 tenue
1630 2405 1655 2454 in
1667 2405 1759 2454 bellurn

1066 2495 1162 2545 luorum
1173 2507 1258 2556 senex,
1270 2493 1357 2545 ferenti
1367 2507 1426 2544 vero
1436 2507 1559 2558 megrrum.
1575 2513 1587 2536 ν

1321 2633 1374 2681 161.
1395 2639 1533 2682 luceant.

1038 2769 1139 2830 Quiete,
1150 2769 1279 2832 osnsritia,
1290 2770 1401 2822 mortalis
1409 2769 1616 2820 tristitia-attenti
1626 2767 1739 2818 -iIieee
1751 2770 1792 2817 t‘nr
1875 2794 1881 2801 -

1067 2856 1183 2909 hoe-ioco
1192 2861 1238 2922 qui
1248 2873 1289 2909 me
1299 2860 1393 2920 statuit,
1404 2859 1444 2908 oni
1455 2857 1514 2908 nihil
1526 2870 1623 2908 meeum
1633 2869 1764 2906 eornmune
1772 2860 1822 2908 est.

1203 2991 1255 3035 165.
1270 2987 1422 3035 PALLADAE
1437 2987 1656 3035 atexnunntn‘t.

1039 3124 1080 3174 ire
1095 3122 1163 3172 toris
1179 3125 1217 3172 est
1230 3123 1326 3181 molier,
1343 3122 1404 3186 ignis
1417 3121 1543 3172 viee-alata

1069 3209 1171 3269 donum,
1187 3209 1258 3260 triste
1273 3209 1387 3273 pro-igne
1403 3223 1502 3259 munos.

1038 3296 1125 3346 Virum
1139 3295 1205 3346 enim
1221 3296 1302 3346 exorIt
1317 3297 1382 3346 euris
1393 3301 1468 3360 atque
1480 3297 1725 3361 cogit-marcescere,

1070 3386 1096 3435 et
1113 3387 1267 3434 senectutem
1280 3384 1548 3447 precipitenntuventae
1560 3385 1640 3436 atteri.
1687 3385 1826 3451 [turronem

1039 3473 1075 3522 Ite
1085 3471 1180 3535 Jupiter
1188 3471 1405 3536 quidem-securus
1415 3471 1489 3522 habet
1498 3472 1727 3524 aureoinsidentern
1735 3473 1826 3524 throno

1341 3646 1396 3694 163.
1415 3661 1526 3695 ινιοειινν.

1041 3792 1087 3837 Per
1100 3787 1183 3853 patrie
1198 3787 1291 3836 eineres
1304 3797 1329 3836 et
1343 3796 1392 3837 toto
1407 3805 1449 3854 per
1463 3788 1556 3840 hostien
1570 3788 1643 3840 ferret

1075 3871 1135 3920 Cum
1148 3869 1200 3935 pius
1213 3873 1315 3930 AEneas,
1327 3870 1430 3920 maxima
1442 3887 1522 3932 sacra,
1538 3881 1646 3938 patrem,
1669 3869 1671 3874 ’

1042 3955 1095 4001 Hoc
1108 3968 1182 4014 onos,
1195 3951 1288 4014 aiebat,
1301 3952 1377 4001 Danai
1391 3970 1422 4002 ne
1434 3955 1523 4018 tangite
1537 3970 1543 4004 :
1560 3970 1633 4020 porra

1075 4039 1105 4084 1n
1117 4045 1237 4085 senesunt
1254 4035 1321 4084 robis
1331 4035 1442 4102 premia,
1458 4052 1541 4101 magna
1555 4037 1625 4087 mini.

1343 4247 1398 4303 164.
1417 4263 1531 4297 nnmnrr.

1044 4409 1141 4460 Iustitia
1156 4408 1187 4458 atr
1199 4425 1277 4475 quaeso
1290 4409 1349 4474 quid
1363 4407 1437 4457 tristis
1449 4423 1473 4455 es
1483 4410 1553 4458 iitoc
1564 4409 1620 4471 ileo,
1635 4411 1710 4476 ,quod
1729 4411 1777 4468 tur,
1826 4413 1832 4422 “

1078 4495 1108 4540 Ε1
1120 4493 1158 4541 eui
1171 4491 1205 4540 nii
1217 4507 1322 4550 οιεοιιοι,
1332 4505 1370 4540 rue
1384 4501 1462 4542 tamen
1475 4491 1528 4542 heic
1540 4493 1628 4558 posuit.

1337 4663 1392 4712 165.
1414 4680 1538 4714 rnnnnoae.

1047 4842 1087 4887 Ira
1099 4837 1164 4886 Joris
1183 4836 1334 4904 pretiumque
1347 4840 1405 4903 ignis
1419 4841 1555 4892 miserabile
1568 4843 1631 4911 rapti

1080 4917 1190 4978 Femina,
1203 4928 1228 4968 et
1242 4917 1299 4969 hine
1311 4920 1335 4968 in
1350 4937 1389 4979 se,
1406 4939 1454 4988 quo
1466 4935 1537 4974 uocet
1551 4924 1623 4990 ignis,
1638 4927 1713 4974 habet

1047 5002 1086 5052 Sie
1101 5001 1150 5050 urit
1161 5001 1224 5051 euris
1237 5001 1344 5052 animum
1357 5007 1510 5074 posseditque,
1525 5008 1643 5075 facitque,

1081 5085 1128 5148 Qui
1138 5086 1237 5150 juvenes
1251 5086 1345 5138 fuerant
1353 5126 1361 5152 ,
1375 5107 1424 5141 esse
1439 5102 1538 5159 repento
1552 5109 1627 5142 senes.

1048 5171 1148 5231 Magnos
1159 5177 1184 5217 et
1202 5169 1251 5235 ipse
1262 5186 1344 5233 suurn,
1358 5174 1452 5239 quando
1469 5191 1517 5223 non
1535 5191 1584 5224 esse
1598 5175 1694 5225 molesto
