3734 5920
200 425 259 484 3811

201 554 282 620 posuit
299 551 458 602 Picentes-
471 558 484 600 ο
498 551 511 598 ί
529 547 625 596 addidit
641 547 719 596 Boias.
740 547 843 594 auctore
857 509 987 602 uocandi,

200 633 243 695 qui
255 635 281 681 et
295 627 510 690 transpositionem
533 626 620 674 tentat.
634 625 687 672 Non
711 622 802 672 insulse
823 625 896 684 procla
914 617 987 680 dicit,

202 717 277 752 unum
289 713 344 751 csse
353 711 453 748 serrrrm
471 697 572 754 ltorrum,
584 707 641 744 eum
652 693 697 756 qui
714 705 788 742 crana
802 691 909 755 fregerit,
925 690 989 739 maia

201 770 320 822 inl'erendi
332 771 383 832 jam
398 767 567 832 impotentem.
578 762 689 814 Piccolos
702 760 872 826 corrigendum
886 759 989 824 putabat

264 901 340 957 Καλός
351 899 372 960 γ’
381 901 409 948 ἂν
421 899 457 956 εἴη
470 898 553 947 τοῦδ’
565 898 578 946 ό
593 897 624 945 τὰ
636 897 708 953 σκέλη
725 894 829 951 κλάσας,
1012 906 1014 923 ¹

201 1041 225 1090 in
241 1054 291 1103 spuo
304 1037 449 1104 pronomine
458 1035 566 1102 pessima
581 1038 620 1086 est
629 1033 787 1098 ambiguitas.

232 1175 411 1228 cccxxxvll.
424 1199 455 1208 -
468 1176 489 1220 1.
506 1172 567 1219 Tam
583 1168 703 1218 soliacum
712 1167 752 1214 est
762 1168 804 1222 τὴν
816 1164 916 1225 γυναῖκα
933 1163 990 1218 τὴν

202 1249 314 1310 δίμορφον,
330 1248 358 1296 ut
375 1243 462 1294 uitium
479 1242 558 1290 inesse
572 1244 668 1289 certum
684 1237 724 1286 sit.
741 1235 791 1285 disi
806 1235 881 1297 pictoe
893 1231 992 1282 lictaere
1013 1244 1016 1259 ·

202 1318 299 1382 imagini
320 1316 427 1365 duarum
438 1312 587 1369 mulierum,
604 1309 716 1358 monstro
737 1309 762 1355 et
775 1307 906 1363 venustae,
931 1302 992 1352 suia·

202 1390 320 1454 scriptum
345 1389 399 1438 erat
415 1385 578 1449 epigramma,
598 1379 690 1431 omisso
712 1377 818 1428 disticho
839 1376 917 1426 altero
941 1387 990 1423 non

126 1453 127 1458 ¹
202 1465 340 1522 σκωπτικῷ.
356 1485 386 1493 -
407 1460 515 1519 Ἆλόχνον
528 1454 588 1503 cod.
1014 1496 1017 1519 ι

234 1592 428 1642 cmxxxviii.
444 1591 565 1637 Lemma:
587 1588 619 1640 είς
635 1582 780 1646 τραγῳδούς.
794 1583 870 1630 Recte
883 1579 950 1628 Plura.
967 1578 991 1626 in
1015 1568 1017 1609 Ῑ

202 1667 277 1728 caput
292 1665 323 1718 εἷς
332 1663 429 1726 κουρέας
444 1659 537 1716 retulit,
549 1657 591 1706 ulii
603 1659 644 1706 est
652 1656 747 1712 ἄδηλον.
759 1661 808 1702 -1
822 1651 918 1714 poples:
928 1649 989 1698 Cod.
1015 1636 1017 1707 i

204 1743 311 1796 Ἀγῶνος,
324 1733 378 1782 scii.
392 1735 469 1789 ἕνεκα,
479 1726 641 1779 decertaturi.
653 1732 707 1774 -1
720 1725 761 1773 τὸν
778 1725 797 1779 ξ.
813 1721 879 1772 Plan.
897 1723 990 1769 Tonso-
1015 1710 1017 1773 ί

203 1820 253 1856 rem
265 1805 355 1855 obtusa
370 1802 490 1852 nouacula
503 1801 613 1850 utentem
623 1795 704 1846 ridere
718 1794 823 1844 ridetur.
1015 1838 1017 1849 ‚

234 1947 405 1998 chxxxlx.
430 1946 552 1993 Lemma:
578 1943 609 1994 et:
636 1937 783 2001 τραπεζίτην.
806 1934 893 1984 Subita
914 1937 993 1983 morte

203 2020 361 2070 exstinctum.
377 2042 408 2051 -
423 2021 433 2066 1
451 2013 568 2074 devulgo,
584 2023 647 2059 corr.
661 2008 739 2058 Boiss.
756 2013 823 2056 -1,
843 2003 912 2054 Unde
924 2021 993 2053 τονο-
1016 2018 1018 2060 ;

203 2093 293 2150 ridens.
306 2117 334 2124 —
344 2094 358 2138 3
370 2089 435 2142 εὐθὺς
455 2086 561 2148 εὐρώπηι
575 2081 635 2131 cod.
647 2083 712 2129 -4,
727 2098 738 2120 a
751 2077 848 2128 Scilicet
861 2089 993 2126 numerans
1015 2104 1017 2115 ν

203 2161 294 2226 digitis,
308 2173 371 2223 qrros
392 2156 537 2220 constringit
556 2151 678 2216 (σφίγγει)
693 2150 734 2201 vel
746 2153 840 2198 currat.
855 2146 927 2196 conl.
941 2152 991 2196 not.
1016 2148 1018 2180 i

203 2233 233 2282 ad
248 2232 421 2290 anatemati,
437 2235 475 2280 ao.
490 2249 500 2272 ν
518 2228 549 2276 Β.

235 2369 327 2418 ccxc.
341 2368 443 2415 Lemma
456 2378 462 2407 :
475 2365 507 2419 είς
522 2363 562 2411 τὸν
573 2360 652 2409 αὐτόν.
666 2363 718 2407 -1
735 2357 787 2419 περὶ
798 2354 859 2405 cod.
870 2357 899 2404 et
914 2353 992 2412 Plan,
1016 2340 1018 2370 ⁵

203 2453 266 2489 corr.
285 2441 349 2499 iae,
369 2435 423 2486 scil.
437 2434 468 2483 τὰ
484 2433 588 2482 cereola
605 2435 689 2492 χειρῶν
707 2429 769 2490 ἔχων
782 2428 835 2490 περὶ
852 2429 895 2485 τὴν
909 2429 993 2490 ψῆφον,
1017 2421 1018 2459 ἶ

204 2510 294 2572 digitis
313 2507 457 2570 occupatus
478 2507 506 2552 in
527 2500 638 2552 calculis
650 2497 790 2562 potiundis.
815 2493 889 2545 Ludit
910 2499 993 2545 autem

204 2583 228 2630 in
250 2579 341 2643 duplici
362 2574 538 2640 significatione
560 2572 629 2621 vocis
648 2572 732 2633 ψῆφος.
753 2595 781 2604 -
802 2573 825 2616 2.
848 2567 992 2628 Προίλαὸεν,

203 2652 253 2702 cito
268 2650 328 2700 abiit
349 2649 403 2697 sire
419 2645 494 2696 citius
511 2656 584 2707 quarn
605 2642 755 2704 speraverat.
774 2663 806 2674 -
824 2641 839 2686 3
854 2638 993 2701 ψηφίζοντος
1016 2642 1018 2691 ὲ

204 2723 282 2786 ἑταίρη
300 2722 377 2778 Plan,
396 2718 427 2768 de
444 2730 497 2767 suo.
511 2720 558 2778 Ζῄ,
574 2712 683 2770 οίο11,ί.
697 2710 882 2772 ιι.νο1ο1ψήρος
899 2709 993 2768 altera,
1016 2700 1018 2731 f

203 2807 252 2842 non
265 2795 332 2851 ἠτοῡ
346 2790 493 2853 ψηφίζονται.
505 2789 567 2835 Nam
579 2785 671 2833 iterum
683 2781 753 2831 notio
766 2780 835 2830 uocis
850 2780 947 2842 duplex.

235 2924 341 2974 ccxci.
359 2923 460 2970 Lemma
476 2938 482 2966 :
500 2919 533 2972 είς
551 2914 689 2974 Νίκανδρον.
703 2933 714 2954 ιι
727 2911 790 2969 Quis
802 2911 836 2961 sit
845 2910 886 2961 ille
900 2911 990 2960 Nican-

203 2997 257 3055 der,
270 3006 342 3044 nemo
353 2991 426 3041 lacile
438 2988 537 3039 dixerit.
557 3007 568 3028 ι
585 2987 612 3034 li.
627 2987 655 3032 In
666 2984 732 3032 Plan.
744 2984 840 3041 ἄδηλον.
854 3009 885 3018 —-
899 2985 926 3030 ln
936 2994 989 3031 rer-

203 3066 352 3116 sificaturem
362 3059 501 3111 mordacem
513 3063 538 3108 et
552 3056 672 3106 reualcnr.

235 3198 356 3250 ccxcii.
369 3199 468 3244 Lemma
481 3208 485 3238 :
502 3193 532 3246 είς
546 3191 598 3238 τινα
611 3188 737 3249 φιλόσοφον
747 3185 872 3246 γενόμενον
882 3183 990 3246 ῡπαρχον

203 3268 293 3326 πόλεως
314 3269 352 3316 ἐπὶ
369 3267 545 3316 Deiera-nurui
570 3261 609 3307 καὶ
630 3259 752 3311 Βοίλεντο;.
770 3257 873 3304 Lemma
892 3252 961 3302 Plau.
984 3266 989 3294 τ

204 3342 236 3392 ei:
252 3337 377 3400 θεμίστιον
388 3337 427 3385 τὸν
444 3335 569 3396 φιλόσοφον
584 3329 708 3392 γινόμενον
721 3328 826 3390 ὕπαρχον
842 3329 992 3375 Κωνσταντι-

203 3411 334 3462 νουπόλεως
357 3409 394 3457 tet
416 3406 610 3454 Οὐαλεντινιανοῡ
637 3401 677 3448 καὶ
712 3398 850 3452 Οὐάλεντος.
875 3415 887 3438 ο
910 3396 990 3445 Schol.
1016 3386 1017 3428 ἶ

203 3481 291 3531 Weclr.
305 3495 311 3524 :
323 3483 345 3529 οί
353 3480 379 3528 δέ
389 3495 446 3542 ροισι
457 3476 584 3538 θεμίστιον
597 3472 667 3522 αὐτὸν
679 3472 711 3526 el<
719 3470 803 3519 ἑαυτὸν
814 3473 884 3518 τοῦτο
896 3483 994 3524 πεποιο-
1016 3472 1017 3520 l

204 3553 282 3612 κέναι,
303 3551 342 3599 ὃτι
359 3550 464 3612 ὕπαρχον
484 3547 554 3595 αὐτὸν
569 3543 679 3602 ἐποίησεν
700 3540 826 3594 Ἰουλιανὸς
845 3537 991 3601 όβαοιλεός,

206 3627 286 3680 Quam
297 3619 436 3684 opinionem
445 3616 477 3666 de
492 3613 629 3665 Themistio
645 3612 698 3675 ipso
710 3612 812 3661 auctore
830 3610 912 3658 lirmat
925 3609 991 3671 glos·
1015 3625 1017 3643 ι

205 3696 273 3743 sator
295 3692 321 3740 in
336 3688 443 3740 editione
461 3684 590 3736 Themistii
606 3682 694 3733 Aldina
716 3678 759 3744 [et
770 3678 916 3728 Theodorus
931 3681 992 3741 llyr-

205 3768 285 3814 lacen.
300 3760 376 3825 Epist.
393 3759 445 3808 Llll
457 3757 482 3806 in
496 3755 584 3804 Notitt.
597 3754 656 3802 lilss.
667 3753 687 3800 t.
701 3753 745 3807 vl,
757 3763 780 3814 p.
793 3755 831 3799 25:
843 3752 903 3798 Jac.
913 3751 932 3812 l.
944 3747 992 3797 Sed
1016 3780 1017 3798 ν

206 3849 220 3884 a
240 3832 339 3885 Pallada
361 3828 445 3894 potius
457 3840 512 3878 esse
527 3825 633 3888 scriptus
657 3834 744 3872 reraus
760 3818 915 3870 crediderim.
932 3819 992 3868 Vide
1016 3813 1017 3877 ξ

204 3906 305 3955 omnino
327 3901 418 3953 Maium
443 3897 474 3948 ad
491 3896 612 3947 Themist.
637 3895 706 3942 Orat.
729 3893 827 3940 xxxiv
840 3894 903 3940 extr.
923 3889 992 3940 addc
1016 3887 1018 3918 ί

209 3975 337 4028 Ρυοινίιιιιι
350 3971 383 4022 ad
391 3969 512 4021 'themist
526 3970 595 4018 Orat.
610 3965 704 4023 xviri,
717 3977 741 4026 p.
755 3965 810 4016 eii.
826 3961 946 4010 llarduin.
962 3962 994 4010 ad
1016 3961 1018 4021 ξ

206 4051 273 4097 Orat.
295 4045 378 4102 xxxi,
390 4054 416 4104 p.
432 4043 487 4100 707,
500 4037 542 4102 qui
557 4039 645 4096 ἄντυγα
655 4035 777 4098 ἀργυρέην,
789 4045 891 4082 currum
908 4044 993 4094 argen-
1016 4030 1018 4098 i

205 4123 289 4178 teum,
304 4114 380 4165 luisse
392 4113 455 4163 iuter
472 4108 583 4174 praelecti
597 4105 671 4155 Urbis
686 4103 791 4168 iusignia
809 4105 987 4153 monstrarunt.
1016 4118 1018 4153 ι

208 4187 330 4239 Versibus
353 4183 429 4236 etiam
453 4181 544 4252 latinis,
563 4189 659 4243 grecos
682 4174 799 4226 Petarius
828 4171 946 4224 reddidit.
960 4199 991 4212 —
1016 4163 1018 4191 ί

207 4259 332 4322 renata<
345 4253 465 4305 caemar.
482 4283 511 4294 -
530 4255 553 4302 a.
569 4249 610 4300 ειν
628 4244 690 4296 coa.
703 4248 729 4296 er
746 4246 815 4295 rran.
833 4246 876 4293 aar
892 4243 994 4307 trisagiae
1016 4222 1018 4281 i

205 4331 311 4381 varietas
324 4325 437 4378 codicum
449 4320 579 4374 Themistii
593 4334 600 4364 ι

268 4458 347 4509 'licio
356 4456 421 4506 κοίτω
435 4455 567 4518 κρείσσων,
580 4451 669 4506 ἀναῧὰς
679 4449 700 4497 d'
714 4449 794 4510 ἐγένου
807 4447 868 4497 πολὺ
882 4445 976 4510 χείρων.

206 4592 269 4648 Quae
292 4588 398 4637 uarietas
412 4583 490 4636 servit
514 4583 602 4632 saltem
621 4577 774 4644 explicandus
800 4575 881 4627 ultimi
905 4587 993 4624 versus

206 4659 341 4712 sententiae.
355 4678 366 4702 ν
381 4661 413 4707 a.
604 4653 607 4658 '

237 4794 367 4846 cellcul.
381 4794 482 4841 Lemma
500 4788 524 4838 in
537 4790 573 4839 RS
594 4804 600 4836 :
619 4788 652 4844 είς
673 4785 829 4849 χαρισάμενον
845 4782 898 4831 τινὰ
912 4783 994 4845 ἰσχνὸν

205 4869 286 4917 ἵππον.
303 4862 413 4913 Lucidiio
436 4860 524 4911 tribuit
549 4859 615 4908 lien.
639 4884 669 4894 -
695 4855 860 4917 1’0).υμνιικὸς
880 4851 994 4912 Grotius;

206 4938 275 5000 οὐρὴν
289 4935 358 4986 Ρ11111.
371 4965 402 4977 -
416 4939 430 4982 2
450 4932 625 4994 ὀλιγοδραριέων
640 4931 686 4978 RS.

239 5075 371 5126 ccxciv.
384 5074 477 5124 Iterum
490 5071 582 5136 legitur
595 5069 659 5120 infra
673 5069 728 5132 post
740 5081 779 5130 ep.
798 5070 854 5126 itt,
864 5063 922 5114 iterra
934 5068 993 5114 Λου-

206 5147 310 5209 κιλλίου,
321 5145 364 5198 sed
378 5159 418 5209 ap.
433 5143 501 5193 Plan.
517 5139 676 5193 utPoliudac
689 5138 775 5188 fertur.
1017 5163 1020 5179 .

238 5279 357 5330 ccxcv.
373 5275 494 5328 ruiana
514 5274 602 5325 casua
620 5272 698 5332 ινον,
714 5243 763 5333 q'uo
783 5265 881 5330 arginus
898 5264 994 5329 judicat

784 411 1046 473 ANTHOLOGIAE
1068 411 1275 471 PALATINAE

1033 544 1087 594 dac.
1102 545 1203 592 Lemma
1220 545 1268 599 τοῖς
1280 543 1343 590 οἶνον
1357 543 1444 602 φαῦλον
1458 541 1622 591 ἀποσταλέντα
1636 542 1711 605 αὐτῷ.
1724 561 1735 582 a
1750 542 1816 589 Puta·

1032 615 1111 664 verim
1134 613 1216 678 prodas
1230 626 1285 664 esse
1301 614 1327 662 in
1343 625 1445 662 avarum
1466 611 1509 675 qui
1525 612 1574 661 vile
1598 613 1684 661 mirum
1699 611 1747 660 sibi
1762 624 1817 660 erne

1034 684 1084 746 bat,
1096 684 1222 748 marsupio
1234 697 1345 747 parcens.
1356 711 1387 720 -
1398 690 1419 734 1.
1433 684 1472 733 Sic
1484 686 1609 734 Homerus
1620 684 1671 732 0d.
1682 689 1711 740 Δ,
1720 687 1779 740 aa&
1792 690 1817 736 ,1,

1037 761 1089 814 119,
1104 769 1203 806 versum
1214 755 1306 805 claudit
1322 771 1327 802 ι
1344 758 1376 806 ἐνὶ
1395 757 1516 819 μεγάροισι
1526 762 1612 805 τεοῖσι,
1627 774 1640 798 ι
1658 756 1691 804 Β.
1706 761 1763 804 -2
1777 771 1820 800 κισ·

1034 827 1076 876 σόν
1085 826 1108 888 γ’
1117 826 1177 876 olim
1187 827 1355 885 Hemnannus;
1371 832 1461 876 κισσῶν
1473 824 1541 884 (scil.
1553 825 1687 886 στέφανον)
1700 823 1820 873 lasciuus

1035 910 1058 958 p.
1075 900 1129 946 307.
1145 897 1229 946 Possis
1240 900 1266 946 et
1279 898 1396 960 σαριλών.
1411 898 1485 946 certe
1499 895 1595 945 librarii
1608 895 1701 944 uitium
1713 895 1757 943 lrlc
1767 897 1808 943 est.

1066 1051 1193 1098 ccxcvi.
1209 1051 1241 1098 Ex
1253 1049 1322 1112 Diog.
1334 1051 1414 1099 Laert.
1436 1050 1492 1106 vll,
1509 1052 1561 1097 170.
1576 1075 1607 1083 -
1624 1057 1646 1096 1.
1664 1049 1764 1096 Ductus
1775 1059 1817 1094 rer-

1035 1133 1078 1170 sus
1089 1133 1119 1170 ox
1131 1125 1201 1170 llum.
1214 1121 1243 1170 ll.
1255 1123 1281 1180 Γ,
1294 1127 1346 1172 tea.
1360 1148 1390 1156 -
1399 1127 1421 1169 1.
1434 1121 1565 1181 liuidum,
1578 1120 1608 1168 ut
1619 1122 1716 1180 μῶλος,
1728 1115 1821 1168 turdus

1035 1195 1133 1253 segnis,
1154 1191 1253 1256 Diogeni
1270 1195 1355 1255 liparen:
1373 1190 1572 1254 ὑπεροαλνοντως.
1588 1189 1688 1239 Deinde
1701 1189 1821 1251 legebatur

1036 1263 1111 1312 ἐπέων
1123 1264 1201 1324 φῦσι,
1222 1278 1237 1312 ιι
1255 1262 1386 1312 ΜιιΙΙιιιΙιίο
1405 1275 1428 1325 p.
1444 1267 1474 1312 93
1492 1274 1592 1310 versum
1607 1260 1753 1318 verbosus,
1767 1257 1822 1320 qod

1035 1346 1083 1382 non
1104 1338 1155 1384 tam
1177 1332 1273 1397 placide
1293 1333 1396 1383 dixisset
1420 1333 1504 1386 Timor
1527 1344 1607 1394 neque
1630 1335 1760 1381 cornriau
1775 1335 1821 1378 suad

1036 1404 1110 1467 liuius
1120 1406 1175 1456 loci.
1187 1405 1313 1469 ingeniose
1328 1405 1439 1454 Cebetem
1450 1405 1525 1452 ἐπέων
1539 1405 1585 1452 lie
1594 1420 1622 1456 o:
1637 1404 1739 1456 Ἄσσιος
1749 1439 1755 1457 ,
1765 1401 1820 1463 quod

1036 1473 1176 1540 sillographi
1197 1473 1386 1524 mordacitatem
1399 1474 1481 1524 reteri.
1503 1473 1575 1522 lllolre
1586 1471 1644 1522 assi
1659 1469 1733 1520 urbis
1747 1469 1823 1532 respo

1037 1545 1161 1607 videntur,
1176 1559 1233 1595 nam
1246 1559 1273 1595 er
1288 1546 1334 1595 lmc
1348 1545 1409 1594 urbe
1429 1549 1517 1594 Persas
1532 1543 1646 1592 triticum
1661 1539 1822 1604 imphaler-

1036 1617 1105 1668 trisse
1122 1617 1147 1666 in
1157 1631 1230 1667 usum
1247 1631 1319 1666 suum
1334 1617 1455 1667 testieesl
1466 1615 1556 1665 Strabo
1571 1617 1621 1674 lll',
1639 1626 1666 1677 p.
1684 1615 1742 1662 735.

1015 1806 1017 1819 .
1069 1768 1208 1816 CCXCVII.
1229 1768 1329 1815 Lemma
1348 1786 1354 1813 z
1376 1767 1409 1820 είς
1419 1769 1519 1827 γυναῖκα
1533 1763 1690 1825 deponere«.
1703 1781 1716 1805 ι
1728 1761 1822 1810 Potitus:

1038 1839 1145 1899 διάλογος
1161 1839 1244 1893 παιδός
1264 1839 1304 1885 καί
1326 1839 1410 1900 μητρὸς
1432 1836 1591 1899 μεονστρίὀος.
1613 1853 1624 1876 ι
1650 1836 1688 1882 B.
1707 1835 1772 1889 Quae
1785 1831 1824 1878 rid

1038 1909 1155 1959 haustum
1175 1922 1252 1972 puero
1276 1908 1388 1970 denegat.
1407 1906 1477 1956 ldem
1505 1907 1685 1969 argumentum
1707 1901 1824 1964 sequeer

1038 1983 1115 2047 epigr.
1131 1984 1155 2032 in
1168 1981 1278 2032 tabulam
1294 1981 1386 2045 pictam
1400 1979 1498 2042 scripti,
1512 1981 1541 2028 ut
1554 1978 1602 2028 lmo
1612 1989 1723 2040 quoque
1735 1975 1767 2023 ad
1777 1988 1826 2024 eau-

1037 2054 1095 2104 dem
1111 2057 1223 2116 spectare
1235 2067 1283 2103 non
1299 2052 1332 2102 sit
1346 2050 1458 2101 dubium.
1469 2050 1594 2108 -1γᾰλα
1604 2065 1646 2110 μοι
1656 2049 1687 2097 τὸ
1701 2045 1826 2108 specui.-

1038 2142 1077 2187 μοι
1095 2126 1160 2173 recte
1173 2123 1263 2188 abjecit
1277 2124 1344 2173 Plau.
1365 2127 1419 2171 -4
1436 2126 1477 2171 νίνι
1489 2122 1508 2169 δ’
1524 2120 1557 2169 lta
1583 2119 1666 2178 Plam,
1689 2117 1738 2168 sed
1755 2117 1825 2166 οοιιιι

1038 2196 1090 2246 sine
1099 2195 1129 2255 δ’,
1143 2195 1258 2246 viridius.
1279 2191 1374 2245 Deinde
1392 2193 1466 2243 καίεο
1483 2193 1554 2254 δίψαν
1566 2196 1633 2245 σοῖο,
1647 2187 1722 2252 quod
1730 2189 1824 2237 correrii

1037 2274 1089 2322 iac.
1101 2277 1146 2335 Ap.
1159 2271 1227 2320 Plan.
1238 2272 1278 2320 καὶ
1292 2271 1375 2320 odium
1387 2271 1429 2328 τήν
1445 2268 1487 2318 σέο
1496 2267 1575 2330 δίψαν.
1866 2276 1867 2279 ’

1069 2415 1226 2464 ccxcviii.
1243 2412 1357 2462 colraeret
1375 2411 1399 2461 in
1416 2410 1477 2460 (lod.
1494 2424 1552 2460 cum
1576 2405 1740 2472 praecedenti
1756 2405 1817 2468 epigr

1040 2485 1130 2535 aldem
1141 2488 1181 2535 est
1195 2486 1377 2548 argumentum.
1391 2483 1485 2533 Tabula
1501 2481 1568 2546 picta
1581 2478 1723 2544 poetaslris
1740 2477 1827 2527 scriffl·

1038 2556 1106 2608 laudi
1120 2555 1190 2606 dedit
1206 2555 1367 2604 occasionem.
1383 2575 1395 2598 ν
1409 2557 1438 2604 ll.
1455 2584 1483 2594 -
1503 2564 1511 2602 1
1525 2553 1614 2614 μητέρα
1628 2549 1698 2600 cod.
1714 2550 1770 2596 -1
1785 2550 1817 2596 ili

1038 2647 1081 2691 γον
1094 2627 1116 2675 τί
1128 2644 1168 2676 σοι
1187 2628 1259 2675 δώσω
1275 2625 1347 2680 Cod..
1362 2640 1426 2676 corr.
1442 2627 1506 2681 dae:
1520 2625 1548 2672 ἐκ
1563 2625 1593 2681 δὴ
1611 2622 1722 2686 βρόχόοο
1734 2621 1798 2682 ἐμοῖο
1810 2619 1828 2666 τί

1038 2717 1077 2750 σοι
1091 2699 1125 2748 eo
1138 2715 1159 2746 τ.
1171 2697 1237 2760 ἐμοῖο
1252 2696 1318 2746 Plan.
1336 2699 1417 2759 Etym.
1437 2698 1470 2744 Μ.
1484 2715 1490 2743 :
1505 2695 1619 2758 Βρόχθος,
1632 2695 1663 2741 τὸ
1673 2693 1757 2752 ὀλίγον
1769 2693 1828 2750 arip:

1038 2771 1077 2819 καὶ
1089 2772 1104 2829 ἡ
1119 2769 1205 2830 φάρυγξ
1218 2768 1248 2817 δι’
1268 2767 1295 2827 ἧς
1312 2767 1478 2826 καταπίνομεν.
1489 2793 1521 2800 -
1530 2770 1544 2814 5
1554 2766 1637 2820 ξέστας
1648 2765 1694 2825 γὰρ
1710 2779 1747 2821 τρ.
1766 2762 1828 2825 pist

1038 2842 1137 2904 (μόνους
1150 2839 1237 2898 Plan.)
1255 2839 1344 2900 λαγόνη
1365 2839 1477 2897 (λάγυνος
1492 2834 1580 2896 Plan.)
1601 2835 1657 2884 effic
1677 2839 1756 2897 χωρεῖ
1771 2830 1827 2881 cod.

1038 2915 1063 2963 et
1082 2911 1130 2968 Pl.;
1146 2908 1255 2960 iacubsii
1275 2909 1454 2959 correctionem
1475 2923 1481 2955 ι
1499 2907 1544 2969 γὰρ
1564 2907 1664 2962 λάγυνος
1687 2921 1727 2967 tp.
1750 2905 1827 2966 μονοις

1037 2985 1085 3042 ὁδε,
1095 2978 1287 3044 recepitliuiss.3
1302 2978 1328 3028 in
1343 2981 1407 3029 nott.
1422 2991 1482 3028 mss.
1493 2980 1593 3026 tamen:
1617 2997 1629 3018 ν
1646 2975 1732 3024 scrib.
1753 2976 1827 3034 piem

1037 3053 1134 3116 λάγυνος
1142 3053 1164 3111 γ’
1176 3052 1215 3101 ece
1227 3071 1248 3109 ιι,
1261 3049 1330 3112 quod
1341 3063 1436 3100 retum.
1451 3075 1479 3084 -
1493 3049 1622 3109 ὃχαλινιοίι
1637 3045 1704 3095 cod.
1719 3047 1827 3108 Ἆνιιιοο·

1038 3129 1073 3172 τῶ
1094 3121 1161 3185 quod
1181 3120 1239 3170 alini
1263 3120 1473 3182 ἅντιλαμόιίνομαι.
1495 3145 1523 3153 -
1544 3121 1557 3166 7
1585 3117 1693 3171 ἡδύτατον
1719 3115 1781 3165 eod.
1801 3143 1825 3157 -

1038 3199 1061 3250 8,
1075 3197 1149 3242 eoin.
1170 3192 1237 3242 Plan.
1250 3210 1262 3232 ι
1277 3193 1320 3240 Est
1336 3189 1439 3240 variatio
1458 3186 1656 3251 praecedentium
1676 3199 1796 3235 versuum
1806 3194 1825 3234 e.

1038 3269 1061 3314 7.
1075 3263 1157 3327 Vulgo
1167 3266 1188 3312 εἰ
1200 3263 1281 3326 φιλέεις
1288 3262 1328 3312 τὸν
1338 3261 1386 3310 υἷα.
1402 3258 1497 3310 inserui
1507 3275 1544 3322 pc.
1556 3258 1597 3307 Sic
1605 3259 1631 3308 in
1643 3271 1683 3321 ep.
1698 3261 1747 3307 297
1760 3257 1826 3316 :ego

1036 3337 1107 3386 eleon
1123 3335 1193 3391 υἱέος.
1212 3356 1223 3378 ν
1239 3337 1269 3385 Β.
1291 3333 1332 3384 Sic
1347 3335 1372 3382 et
1384 3331 1486 3381 temler.
1506 3345 1531 3393 p.
1548 3333 1604 3379 34².
1620 3329 1719 3378 Deinde
1733 3326 1826 3388 coep

1037 3411 1132 3471 τυτοὸν,
1145 3409 1198 3459 sine
1210 3425 1241 3470 τι,
1252 3405 1319 3470 quod
1334 3407 1373 3454 est
1382 3401 1500 3453 lacohsii.

1069 3543 1333 3593 concrederem:
1350 3538 1383 3593 εἰς
1399 3536 1519 3598 depietae.
1539 3535 1612 3584 Fert.
1630 3533 1765 3596 ίόριστίις,
1777 3545 1828 3580 nam
1865 3597 1866 3600 Ἴ

1037 3615 1118 3666 simile
1131 3615 1303 3679 argumentum
1311 3609 1478 3674 sequentium.

1069 3753 1139 3802 CCC.
1151 3777 1182 3787 -
1193 3755 1203 3799 1
1215 3751 1276 3808 ridde
1292 3746 1353 3797 cod.
1365 3745 1491 3810 sepeliris.
1509 3771 1539 3783 -
1557 3749 1571 3791 2
1586 3740 1653 3802 οίγαι
1667 3738 1743 3790 Cod..
1757 3737 1825 3788 etiem

1037 3820 1094 3872 alibi
1104 3820 1130 3869 itt
1146 3820 1269 3868 iracvoee.
1286 3837 1297 3858 ν
1311 3819 1363 3865 Ζῶν
1383 3817 1416 3864 ἔτι
1429 3816 1514 3876 μελέτα
1531 3813 1572 3862 τόν
1587 3811 1685 3859 leveze-a
1701 3807 1781 3857 dictio
1793 3812 1825 3856 eal
1865 3863 1866 3866 γ

1039 3893 1171 3944 Platonica.
1193 3888 1254 3938 vide
1274 3887 1361 3938 liutitt.
1378 3898 1515 3935 rrranuscrr.
1532 3887 1554 3934 t.
1569 3885 1598 3932 ll.
1615 3883 1713 3945 parm,
1730 3893 1757 3943 p.
1774 3885 1825 3930 aet:

1038 3968 1090 4015 not.
1103 3967 1148 4014 518
1165 3961 1196 4010 ad
1212 3959 1318 4010 Zaclrar.
1335 3978 1346 4000 ν
1362 3959 1394 4006 B.

1071 4093 1153 4143 0001.
1165 4117 1197 4127 -
1212 4099 1221 4144 1
1236 4089 1335 4152 sireis
1347 4101 1385 4152 ap.
1397 4088 1520 4137 Crarn.-
1536 4093 1550 4136 2
1569 4087 1659 4148 ῡόριῑις
1674 4083 1751 4133 ίιίοιιι.

1069 4229 1164 4280 cccli.
1178 4257 1208 4270 -
1223 4227 1289 4276 ικαὶ
1306 4219 1485 4286 (europendio)
1496 4221 1566 4278 οὗτος
1578 4221 1640 4270 οοι1.

1070 4363 1175 4413 ccclii.
1198 4357 1395 4419 llcsiodus'l'gp.
1407 4357 1451 4406 717
1465 4369 1471 4400 :

1101 4491 1220 4550 Medico?
1230 4492 1358 4552 οὐίομένην
1373 4489 1455 4545 κονίην
1472 4485 1621 4548 θυμοοόόρον
1634 4484 1695 4544 ἀνδρὶ

1100 4565 1191 4614 cerini·
1201 4565 1333 4622 ὀνειδίζειν,
1349 4559 1463 4622 μακάρων
1479 4559 1546 4608 ὀόσιν
1562 4557 1616 4605 αἰὲν
1627 4555 1717 4605 ἐόντων.

1069 4703 1176 4754 ccclv.
1191 4727 1218 4736 -
1238 4703 1263 4748 ln
1279 4697 1405 4746 horninem
1419 4693 1529 4742 animum
1542 4702 1593 4739 nou
1604 4687 1675 4738 nauci
1686 4697 1739 4749 μοι
1750 4696 1778 4733 sc
1794 4683 1824 4731 le

1039 4779 1141 4826 rentem.
1159 4798 1188 4808 -
1204 4774 1218 4820 3
1232 4770 1299 4818 οὐδὲν
1314 4768 1388 4830 ,σαίνει
1400 4764 1463 4814 οοι1.

1069 4910 1164 4960 cccv.
1185 4903 1341 4954 indoctn'nae
1358 4902 1538 4952 ostentaturem
1559 4895 1692 4946 indoctum.
1705 4916 1740 4926 —
1758 4895 1823 4950 1μο-

1043 4984 1093 5046 ρίης
1108 4979 1183 5030 etiam
1197 4975 1279 5034 codd,
1291 4972 1395 5023 barbare
1409 4983 1453 5035 pra
1464 4971 1561 5032 μωρίης,
1574 4988 1587 5011 ι
1600 4971 1683 5018 Τέκνον
1694 4966 1820 5018 emam,

1044 5053 1082 5101 cl.
1093 5063 1131 5112 ep.
1148 5049 1203 5106 317,
1218 5051 1240 5096 3.
1256 5070 1281 5080 -
1297 5050 1319 5092 1.
1335 5042 1445 5092 Verbum
1458 5039 1608 5103 βρενθύεσθαι
1625 5037 1742 5086 dinstrant
1759 5039 1818 5083 uolt.

1045 5123 1073 5171 ad
1094 5117 1203 5181 Theoph.
1214 5116 1303 5164 Simoc.
1318 5114 1395 5177 Epist.
1411 5126 1439 5175 p.
1463 5116 1524 5168 310,
1535 5114 1561 5160 et
1574 5107 1607 5158 ad
1617 5106 1709 5157 Zachan
1723 5125 1736 5145 ι·
1751 5108 1782 5154 Β.
1792 5130 1820 5138 -

1039 5196 1063 5243 ³.
1088 5179 1220 5241 ’0111.οτ.,
1239 5182 1338 5234 ironice.
1355 5179 1418 5230 itale
1440 5175 1544 5226 Bruncli.
1566 5175 1596 5222 σὺ
1614 5172 1661 5222 ill.
1676 5194 1703 5204 -
1722 5169 1738 5216 i
1758 5170 1816 5224 tert·

1039 5261 1101 5313 cod.
1112 5287 1141 5298 -
1152 5265 1175 5309 ο.
1191 5257 1258 5308 Plan.
1272 5250 1399 5318 subjungit
1412 5247 1535 5299 distichon
1545 5259 1569 5294 n.
1583 5249 1637 5295 855.
