3774 5914
201 362 241 424 δελ
772 364 1024 427 ANTHOLOGiAE
1048 367 1247 430 PALATINAE

453 505 517 555 ³9³.
544 497 735 558 illabata.

204 631 299 699 Οὐδείς
313 632 358 691 καί
372 633 482 714 καθαρὸς
496 635 540 692 καὶ
556 639 674 716 μείλιχος
691 638 783 710 ἤλυθεν
800 639 904 720 ἄρχων·

245 717 274 778 ἓν
284 718 335 800 γάρ
349 721 403 788 ἑνὸς
419 722 502 782 δοκέει
514 722 644 800 δόγματος
659 727 816 787 ἀντίπαλον·

208 805 235 865 τδ
249 805 330 882 γλυκύ
343 813 389 867 τοῦ
404 807 577 886 κλέπτοντας,
591 815 753 892 ύπερριάλου
768 816 795 873 δὲ
809 816 839 876 τὸ
855 817 942 895 ἁγνόν.

243 891 366 976 Ὄργανα
379 900 426 968 τῆς
436 900 520 978 ἀρχῆς
530 904 615 957 ταῦτα
627 901 665 959 δύ’
678 901 733 960 ἐστὶ
742 907 825 975 πάθη.

462 1043 523 1095 394.
543 1047 602 1093 ΤΟΥ
620 1050 725 1099 attor.

208 1169 315 1247 Χρυσὲ,
330 1169 416 1250 πάτερ
429 1174 564 1246 κολάκων,
577 1175 669 1246 ὀδύνης
684 1177 729 1235 καί
743 1179 874 1258 φροντίδος
889 1180 943 1248 att,

244 1255 328 1318 καλτδ
344 1257 414 1338 ἔχειν
427 1283 471 1332 σε,
485 1260 579 1340 ρύὸος·
591 1264 636 1324 καὶ
648 1263 685 1342 μὴ
699 1267 767 1344 ἔχειν
782 1266 818 1346 σ’,
833 1269 922 1340 ὀδύνη.

469 1410 531 1462 395.
552 1414 611 1458 'rot‘
626 1415 730 1463 ΑΥΤΟΥ.

206 1563 218 1589 ι
242 1535 287 1603 Ὧς
302 1537 374 1596 odila
391 1538 496 1616 γλύκιον
513 1532 543 1610 ἧς
557 1541 682 1619 πατρίδος
703 1567 728 1614 ν,
745 1532 816 1602 εἶπεν
831 1543 985 1611 Ὀδυσσεύς·

246 1625 273 1683 ἐν
288 1625 338 1706 γάρ
351 1634 405 1692 τοῖς
420 1629 522 1708 Κίρκης
532 1627 641 1707 ἔκχυτον
656 1631 702 1688 οὐκ
717 1630 826 1708 ἔραγεν,

206 1705 235 1772 ού
248 1713 325 1790 μόνον
340 1717 363 1773 εἷ
377 1719 421 1774 καὶ
437 1719 536 1776 καπνὸν
553 1719 749 1797 ἀποθρώσκοντ’
765 1720 885 1792 ἐνόησεν,

186 1865 188 1871 ς
246 1793 317 1863 εἶπεν
333 1804 365 1863 ἂν
380 1805 501 1878 οἰμώζειν
514 1805 560 1864 καὶ
572 1806 636 1866 δίκα
651 1808 831 1878 Πηνελόπαις.

320 1954 388 2006 396.
412 1947 568 2008 ΠΑΥΛΟΥ
588 1951 872 2011 ΣΙΛΙΞΝΤΙΑΡΙΟΥ.

204 2081 327 2163 ’(λρθριος
341 2083 492 2144 αὐπλέκτοιο
512 2087 583 2147 λίνου
597 2091 722 2169 νεροειὸέῖ
737 2091 826 2172 κόλπῳ

244 2171 343 2248 ἔμπεσε
357 2171 404 2232 σὺν
418 2174 498 2254 κίχλη
511 2175 638 2256 κόσσυφος
654 2179 776 2248 Ιηδυὸόοις.

207 2261 262 2320 Καὶ
280 2261 328 2318 τὰν
341 2258 390 2336 μὲν
407 2263 576 2342 πανάρυκτος
592 2264 634 2322 tta
651 2264 760 2346 βρόχος·
774 2269 827 2328 ὠκὺ
844 2270 866 2328 δ’
880 2271 987 2330 ἀπέπτοι

244 2347 271 2415 ἐξ
284 2349 448 2427 ὀρνιθοπίδοις
463 2352 528 2432 ᾠδὸς
542 2354 712 2432 ἕρημορίλας.

204 2425 243 2496 Ἦ
258 2436 327 2516 τάχα
343 2461 393 2497 που
408 2440 571 2518 τριμάκαιρα
588 2443 739 2522 ριλαγρὲτις
754 2445 824 2525 ὄρνιν
839 2449 925 2507 σἰοιὸὸν

244 2517 365 2604 Ἄρτεμις
379 2527 504 2607 εὐμόλπῳ
516 2530 593 2588 λῦσεν
609 2532 702 2589 ἄνακτι
717 2532 804 2612 λύρης.

455 2679 522 2730 397.
547 2672 738 2733 libabant.

205 2803 296 2882 Φεῧγε
310 2807 408 2866 Λάκων
422 2807 485 2868 ποτὲ
500 2811 591 2890 δῆριν·
606 2813 791 2873 ὑπαντιάσασα
806 2818 833 2875 δὲ
848 2817 937 2896 μήτηρ

246 2881 322 2972 εἶπε,
337 2892 406 2952 κατὰ
421 2898 533 2975 στέρνων
553 2890 599 2977 dap
621 2901 808 2981 ἀνασχομένη·

206 3005 218 3031 a
239 2979 320 3040 Ζώιυν
336 2981 382 3058 μὲν
395 2983 441 3042 σίο
455 2986 535 3065 μητρὶ
550 2989 690 3068 διαμπερὲς
703 2980 794 3070 αἶσχος
805 2994 944 3074 ἄνάπττις,

247 3093 260 3119 ⁸
281 3070 326 3127 καὶ
340 3077 467 3151 κρατερῆς
481 3075 608 3153 Σπάρτης
623 3077 723 3158 πάτρια
736 3081 821 3157 θεσμδι
835 3083 919 3149 λύεις·

206 3181 218 3205 ι
238 3153 271 3226 ἢν
286 3157 313 3216 δὲ
328 3161 406 3240 θάνῃς
418 3163 571 3246 παλάμῃσιν
583 3167 672 3242 ἐμαῖς,
684 3168 772 3248 μήτηρ
784 3170 832 3245 μὲν
843 3173 946 3232 ἀκούσω

245 3269 258 3294 ιι
278 3243 423 3326 δύσμορος,
432 3249 490 3307 ἀλλ’
503 3252 588 3338 ἐνιέμῇ
599 3255 706 3331 πατρίδι
715 3256 851 3334 σωζομένη
861 3285 884 3316 ν.

237 3398 307 3462 398.
329 3393 541 3454 ΙΟΥΛΙΑΝΟΥ
561 3399 642 3458 Allo
664 3400 777 3460 ΥΠΑΤ.
799 3404 953 3468 ΑΙΙῪΠΤ.

205 3529 305 3599 Ὁλκδις
319 3531 388 3613 ὕδωρ
400 3541 567 3615 προρυγοῦσα
577 3539 778 3621 πολυρλοίσὸοιο
792 3544 926 3617 θαλάσσης

245 3622 272 3679 ἐν
287 3620 378 3701 χθονδς
392 3623 524 3700 ἀγκοίναις
538 3624 621 3684 ὤλετο
636 3629 786 3707 μητριάσιν.

205 3709 361 3788 Ἱσταμάνην
376 3711 426 3790 γδρ
441 3713 538 3791 πυρσὸς
551 3714 676 3796 ἐπίρλεγε
686 3739 692 3752 ·
702 3719 828 3795 καιομένη
842 3721 868 3781 δὲ

245 3800 392 3872 δυσμενέων
407 3802 507 3859 ὑδάτων
523 3804 678 3884 συμμαχίην
690 3808 786 3866 ἐκάλει.

1302 525 1357 572 tat.
1375 523 1534 572 PALLADAE.

1029 641 1116 691 nultus
1131 644 1158 693 et
1168 627 1245 707 nurus
1257 646 1283 694 et
1293 643 1377 695 suavia
1392 645 1472 695 sinant
1483 645 1536 696 true
1544 646 1611 696 rectit
1622 647 1789 710 magistratus:

1059 730 1137 781 altera
1147 731 1212 782 enim
1221 732 1292 783 alteri
1304 733 1401 784 ridetur
1411 737 1486 784 sacta
1502 749 1637 799 repugnans
1652 753 1659 785 ι

1030 821 1139 873 suavitas
1150 822 1255 873 iurantis
1267 827 1320 884 est,
1332 825 1431 888 superbi
1444 838 1503 875 τετυ
1516 825 1640 876 sanctitas.

1059 911 1225 962 Instntmenta
1237 912 1303 972 renui
1319 912 1358 963 baa
1371 912 1428 963 dnae
1440 917 1497 964 sunt
1514 914 1669 990 affectiones.

1306 1065 1362 1112 394.
1389 1074 1537 1116 ttusntttt.

1030 1194 1137 1251 burum,
1150 1193 1221 1255 pater
1232 1192 1402 1255 adulatorum,
1416 1193 1508 1244 doloris
1523 1199 1548 1245 et
1563 1204 1629 1245 curra
1640 1195 1688 1255 tali,

1062 1282 1087 1328 et
1096 1277 1186 1331 babere
1201 1283 1241 1339 te,
1254 1281 1341 1340 timon
1355 1285 1381 1332 et
1394 1296 1442 1332 nnn
1454 1282 1544 1334 babere
1555 1287 1594 1342 te,
1610 1283 1690 1334 dolen.

1311 1442 1366 1490 395.
1390 1451 1532 1492 literati.

1032 1593 1043 1616 a
1061 1573 1124 1624 ltibil
1139 1539 1236 1625 duldus
1249 1577 1304 1628 ease
1317 1591 1362 1628 sua
1375 1541 1455 1641 patria
1467 1600 1479 1624 ι
1495 1579 1556 1632 dixit
1572 1581 1689 1645 mystea,

1064 1661 1089 1711 in
1101 1663 1162 1714 cibis
1175 1665 1239 1714 enim
1252 1665 1335 1715 Circes
1345 1667 1477 1730 enabytum
1486 1669 1620 1732 placentam
1630 1685 1678 1720 non
1691 1671 1781 1732 eclerat,

1031 1749 1102 1810 cujus
1115 1751 1222 1802 madosi
1237 1753 1332 1804 fumum
1347 1753 1515 1807 subsilientem
1527 1757 1757 1823 animadvertisset,

1060 1837 1176 1900 iussisset
1187 1839 1284 1903 plorare
1298 1841 1338 1892 rel
1355 1840 1441 1892 decern
1454 1845 1597 1910 Penelopae.

1233 1985 1288 2032 896.
1307 1985 1400 2034 PAULI
1415 1985 1614 2066 sttmtrtnttll.

1031 2109 1149 2160 blatutina
1162 2111 1290 2164 berreneui
1304 2113 1339 2164 dli
1351 2113 1562 2167 nebulae-similem
1576 2117 1699 2168 insinuat

1060 2199 1146 2250 incidt
1159 2215 1216 2252 cum
1231 2203 1306 2253 turdo
1317 2205 1415 2256 merula
1427 2204 1561 2255 dulcisona.
1695 2207 1807 2272 [avolavit

1031 2290 1062 2336 Et
1073 2287 1142 2338 illurn
1157 2290 1255 2352 quidem
1266 2293 1493 2356 plane-inevitabilis
1511 2295 1576 2358 cepit
1586 2297 1702 2359 laqueusz
1713 2297 1756 2347 sed
1766 2299 1807 2346 eina

1062 2389 1089 2425 er
1104 2377 1318 2444 arium-mmpede
1332 2382 1453 2432 cantatrix
1467 2382 1707 2434 solitudinis-amans.

1032 2465 1122 2528 l'tique
1132 2466 1197 2518 torte
1206 2470 1328 2520 ter-beata
1339 2471 1568 2522 venationis-amans
1577 2486 1648 2523 aurern
1659 2475 1808 2526 cantatricem

1063 2553 1139 2604 biacia
1154 2555 1360 2608 benemndulauti
1374 2559 1448 2610 solvit
1457 2559 1558 2610 donnino
1569 2561 1641 2624 tyran.

1307 2703 1360 2749 397.
1378 2702 1539 2752 PALLADAE.

1034 2841 1150 2904 rugiebat
1161 2845 1241 2892 Lacon
1254 2845 1378 2907 quondam
1391 2861 1496 2912 pugnam
1508 2886 1515 2910 ‚
1527 2863 1660 2930 oenumeas
1671 2865 1726 2903 cero
1737 2857 1807 2904 mater

1062 2928 1138 2991 dixit,
1148 2935 1233 2980 eontra
1246 2934 1333 2995 paetus
1345 2948 1429 2986 ensem
1441 2937 1558 2988 attollens
1571 2959 1577 2988 :

1032 3037 1044 3059 a
1062 3018 1152 3068 l'irens
1166 3019 1265 3082 quidem
1285 3025 1335 3072 tuan
1348 3023 1423 3073 matri
1438 3025 1537 3076 omninno
1552 3026 1661 3078 decimus
1674 3029 1766 3093 bruris,

1062 3110 1088 3158 et
1102 3107 1173 3159 tortia
1181 3111 1274 3173 spana
1288 3111 1366 3174 patria
1379 3111 1492 3164 instituta
1505 3115 1598 3166 miris:

1031 3194 1053 3245 εί
1063 3207 1121 3246 narn
1134 3195 1247 3248 moriaris
1258 3198 1345 3262 peinais
1360 3200 1436 3262 meis,
1446 3206 1526 3254 mater
1535 3203 1638 3268 quidem
1650 3205 1749 3256 audiam

1062 3283 1159 3347 infelix,
1169 3284 1214 3336 ned
1226 3285 1251 3336 in
1263 3301 1318 3339 maa
1327 3289 1405 3354 patria
1416 3290 1493 3341 salta.
1507 3312 1519 3335 υ

1115 3429 1170 3477 398.
1186 3429 1309 3479 Jbtttltt
1329 3432 1369 3480 EX
1390 3437 1570 3488 PRAEFECTIS
1597 3435 1732 3486 AEGYPTI.

1030 3567 1105 3618 Navis
1119 3568 1210 3620 midam
1222 3572 1431 3636 quaa-proiugerat
1443 3573 1557 3624 [luctuosi
1573 3575 1649 3628 maris

1062 3655 1086 3704 in
1098 3659 1171 3708 terra
1182 3659 1246 3708 ulnis
1259 3659 1332 3723 periit
1349 3661 1474 3712 maternis.

1023 3741 1143 3793 'Stantem
1156 3743 1220 3794 enim
1231 3745 1293 3810 ignis
1307 3747 1459 3810 mathusala
1470 3749 1560 3801 ardena
1573 3753 1660 3801 autem

1063 3830 1213 3882 inimicarum
1223 3847 1341 3896 aquarum
1357 3835 1476 3886 auxilium
1492 3837 1628 3889 invocabat.

214 3919 1808 3964 Ἢ-

486 3977 544 4040 393.
563 3993 686 4030 annuae.

204 4074 283 4124 Nemo
294 4073 365 4124 simui
376 4073 451 4124 facilis
460 4076 575 4143 populum
589 4087 733 4146 sanansque
744 4082 863 4146 gubernat
877 4101 884 4136 t

237 4157 321 4206 Altera
332 4167 418 4207 natura
427 4173 465 4208 rea
474 4159 538 4226 perit
546 4160 653 4212 alterius.

204 4237 253 4302 Qui
267 4236 347 4288 faciles
359 4239 468 4306 eupiunt,
478 4252 584 4293 renuunt
593 4243 634 4309 qui
644 4245 717 4308 dona,
729 4248 827 4312 ειιροτλνί
844 4267 851 4300 :

237 4325 294 4372 Hae
304 4322 353 4373 dcto
364 4339 420 4374 nam
434 4325 512 4374 ninus
526 4342 570 4391 per
581 4329 643 4377 maia
654 4345 749 4396 semper
762 4333 818 4397 agit.

498 4441 556 4504 394.
574 4458 689 4492 musaeu.

205 4555 284 4603 blaten
295 4554 433 4604 adulantum
446 4571 556 4620 curaeque
566 4560 665 4623 peccunia
679 4561 771 4626 cerates,

237 4637 271 4684 Te
280 4637 383 4686 tenuisse
394 4646 484 4697 metus,
497 4646 521 4687 te
530 4641 634 4688 carcrisse
646 4642 723 4692 dolor.

431 4756 489 4818 396.
505 4771 580 4805 ruunt
597 4771 758 4807 ειειιιιτιιιιιι.

205 4865 277 4912 Forte
288 4877 332 4928 per
343 4867 460 4912 Artrorrnr
476 4864 551 4914 nubes
562 4865 656 4931 sinuosa
670 4868 792 4932 plagarum

240 4945 300 4996 eum
315 4944 385 4994 turdo
398 4955 492 5011 captam
507 4957 612 4998 traxerat
622 4958 647 4999 et
658 4951 774 5000 merulam
785 4968 792 5003 τ

207 5028 305 5094 Absque
316 5025 371 5092 iuga
383 5030 479 5078 turdum
490 5031 589 5096 iaqueus
598 5041 664 5084 tenet
677 5051 684 5085 τ
696 5035 770 5092 altera
786 5051 842 5086 roro

240 5111 363 5163 Cantatrix
377 5129 428 5162 sese
440 5114 541 5165 canibus
553 5117 678 5183 cardinali.

208 5197 247 5246 dn
258 5195 310 5245 Dea
329 5196 438 5247 venatrix
448 5197 512 5248 claro
523 5201 641 5251 taatndine
654 5201 722 5252 tratri

1066 3995 1160 4044 artifici
1174 4006 1255 4046 notam
1270 4015 1326 4049 νοτε
1338 4000 1430 4050 retranit
1440 4007 1525 4051 arem?

1325 4109 1382 4172 397.
1400 4125 1523 4159 ranarum.

1031 4216 1161 4279 Spartanus
1172 4233 1249 4283 pargna
1264 4219 1493 4282 decessera130bria
1505 4222 1564 4272 dura

1066 4301 1128 4347 Ense
1141 4316 1252 4366 premens
1265 4302 1301 4352 itti
1313 4315 1411 4370 pectora
1424 4315 1500 4355 mater
1511 4307 1544 4356 ait
1557 4323 1563 4357 :

1031 4379 1057 4429 Si
1070 4397 1182 4448 superes,
1193 4387 1263 4434 metri
1276 4387 1311 4436 nil
1321 4396 1347 4436 tu
1362 4387 1407 4437 nisi
1419 4388 1520 4440 dedecus
1532 4390 1616 4452 ait'ers,

1064 4463 1228 4531 niuali-isque
1240 4484 1336 4516 sacrum
1347 4469 1386 4534 jus
1398 4471 1614 4522 Lacedaemonium.

1032 4546 1103 4610 Quod
1118 4545 1139 4596 si
1151 4557 1231 4598 nostra
1244 4550 1327 4600 necem
1337 4551 1381 4601 tibi
1393 4551 1545 4614 secunaum,
1559 4553 1622 4604 itaud
1632 4571 1674 4622 ega
1687 4555 1743 4606 felix

1064 4632 1152 4688 Mater,
1168 4642 1194 4682 et
1206 4632 1230 4681 in
1240 4634 1315 4698 patria
1325 4635 1414 4702 sospite
1422 4652 1502 4702 nospes
1514 4654 1566 4688 ero.

1263 4761 1321 4824 398.
1339 4777 1437 4810 ruamur
1458 4779 1580 4826 ιιιιεῐπιι,

1164 4877 1195 4907 ea
1208 4877 1298 4926 genere
1305 4861 1479 4930 praefectorum
1496 4867 1680 4930 Arcgnslalr'ura.

1032 4950 1092 5016 Quis
1105 4957 1191 5019 putet?
1204 4955 1229 5003 in
1244 4963 1314 5005 terrae
1326 4957 1439 5007 maternis
1453 4957 1536 5008 interit
1552 4959 1615 5007 ulnis

1065 5041 1099 5087 Ex
1109 5037 1194 5090 rabido
1208 5039 1277 5091 toties
1287 5058 1383 5108 aequore
1396 5043 1460 5092 salta
1474 5043 1540 5092 ratis.

1032 5125 1066 5172 Ut
1075 5123 1140 5174 stetit
1153 5123 1178 5172 in
1191 5125 1253 5175 sicco
1268 5126 1369 5176 ilarnmis
1381 5137 1489 5184 uertatur,
1503 5138 1526 5176 et
1538 5127 1624 5176 ardens
1716 5151 1719 5158 ·

1064 5208 1188 5259 Auxilium
1202 5208 1288 5260 trustra
1299 5211 1375 5278 poscit
1388 5212 1419 5262 ab
1430 5211 1496 5262 hoste
1507 5211 1577 5263 utari.
